"type":"bid","price":364.56,"amount":0.70,"tid":0.301511049,"timestamp":1415728443,
"type":"bid","price":369.15,"amount":0.10,"tid":0.644228331,"timestamp":1415728446,
"type":"ask","price":366.46,"amount":0.10,"tid":0.100053777,"timestamp":1415728443,
"type":"ask","price":367.45,"amount":0.20,"tid":0.250262593,"timestamp":1415728507,
"type":"ask","price":364.79,"amount":0.20,"tid":0.664270299,"timestamp":1415728540,
"type":"ask","price":365.71,"amount":0.10,"tid":0.725081164,"timestamp":1415728448,
"type":"bid","price":362.28,"amount":0.10,"tid":0.361122867,"timestamp":1415728515,
"type":"bid","price":365.98,"amount":0.10,"tid":0.661106882,"timestamp":1415728474,
"type":"ask","price":366.83,"amount":0.10,"tid":0.589118829,"timestamp":1415728547,
"type":"bid","price":361.04,"amount":0.20,"tid":0.958671669,"timestamp":1415728492,
"type":"ask","price":362.95,"amount":0.20,"tid":0.317556447,"timestamp":1415728534,
"type":"ask","price":361.51,"amount":0.10,"tid":0.85158027,"timestamp":1415728480,
"type":"ask","price":366.10,"amount":0.20,"tid":0.114919138,"timestamp":1415728411,
"type":"ask","price":365.95,"amount":0.20,"tid":0.319185555,"timestamp":1415728549,
"type":"bid","price":366.56,"amount":0.20,"tid":0.595609446,"timestamp":1415728579,
"type":"ask","price":364.11,"amount":0.20,"tid":0.656831046,"timestamp":1415728442,
"type":"ask","price":365.14,"amount":0.20,"tid":0.781421009,"timestamp":1415728477,
"type":"ask","price":367.91,"amount":0.10,"tid":0.230811112,"timestamp":1415728419,
"type":"bid","price":365.85,"amount":0.10,"tid":0.94947175,"timestamp":1415728471,
"type":"bid","price":366.45,"amount":0.20,"tid":0.869563204,"timestamp":1415728432,
"type":"bid","price":361.89,"amount":0.10,"tid":0.584880407,"timestamp":1415728592,
"type":"ask","price":363.63,"amount":0.20,"tid":0.564994892,"timestamp":1415728539,
"type":"ask","price":366.68,"amount":0.10,"tid":0.197234021,"timestamp":1415728529,
"type":"bid","price":369.36,"amount":0.10,"tid":0.643693297,"timestamp":1415728404,
"type":"bid","price":363.41,"amount":0.10,"tid":0.546046515,"timestamp":1415728521,
"type":"ask","price":366.57,"amount":0.20,"tid":0.88956455,"timestamp":1415728557,
"type":"ask","price":366.68,"amount":0.20,"tid":0.582610802,"timestamp":1415728543,
"type":"bid","price":365.91,"amount":0.20,"tid":0.153526334,"timestamp":1415728549,
"type":"bid","price":365.83,"amount":0.10,"tid":0.173582577,"timestamp":1415728536,
"type":"ask","price":365.84,"amount":0.10,"tid":0.453196842,"timestamp":1415728596,
"type":"ask","price":364.02,"amount":0.10,"tid":0.301433344,"timestamp":1415728532,
"type":"bid","price":367.10,"amount":0.20,"tid":0.685239,"timestamp":1415728410,
"type":"ask","price":368.09,"amount":0.20,"tid":0.323757264,"timestamp":1415728466,
"type":"ask","price":360.70,"amount":0.10,"tid":0.718183023,"timestamp":1415728533,
"type":"bid","price":360.75,"amount":0.20,"tid":0.550345726,"timestamp":1415728497,
"type":"bid","price":366.00,"amount":0.10,"tid":0.401525693,"timestamp":1415728473,
"type":"ask","price":366.29,"amount":0.10,"tid":0.143663738,"timestamp":1415728561,
"type":"bid","price":370.66,"amount":0.20,"tid":0.175288003,"timestamp":1415728455,
"type":"ask","price":365.81,"amount":0.10,"tid":0.770008063,"timestamp":1415728495,
"type":"ask","price":365.38,"amount":0.20,"tid":0.262459177,"timestamp":1415728459,
"type":"ask","price":365.08,"amount":0.20,"tid":0.214591526,"timestamp":1415728584,
"type":"ask","price":370.38,"amount":0.20,"tid":0.431790661,"timestamp":1415728547,
"type":"ask","price":364.69,"amount":0.10,"tid":0.514226181,"timestamp":1415728567,
"type":"bid","price":370.69,"amount":0.10,"tid":0.942126175,"timestamp":1415728410,
"type":"ask","price":362.48,"amount":0.10,"tid":0.124057415,"timestamp":1415728500,
"type":"bid","price":369.87,"amount":0.20,"tid":0.667349434,"timestamp":1415728547,
"type":"bid","price":363.96,"amount":0.20,"tid":0.200008381,"timestamp":1415728464,
"type":"ask","price":364.43,"amount":0.20,"tid":0.092663391,"timestamp":1415728527,
"type":"bid","price":365.40,"amount":0.10,"tid":0.881074705,"timestamp":1415728519,
"type":"bid","price":367.55,"amount":0.10,"tid":0.844161044,"timestamp":1415728496,
"type":"bid","price":361.78,"amount":0.20,"tid":0.062388435,"timestamp":1415728462,
"type":"bid","price":367.45,"amount":0.20,"tid":0.008740526,"timestamp":1415728552,
"type":"ask","price":369.95,"amount":0.10,"tid":0.726507406,"timestamp":1415728534,
"type":"ask","price":364.60,"amount":0.10,"tid":0.950889497,"timestamp":1415728578,
"type":"bid","price":366.29,"amount":0.20,"tid":0.357006868,"timestamp":1415728565,
"type":"bid","price":364.95,"amount":0.20,"tid":0.20277646,"timestamp":1415728483,
"type":"ask","price":366.95,"amount":0.10,"tid":0.67705786,"timestamp":1415728505,
"type":"bid","price":370.67,"amount":0.20,"tid":0.704643494,"timestamp":1415728445,
"type":"bid","price":370.34,"amount":0.20,"tid":0.746036865,"timestamp":1415728509,
"type":"ask","price":361.57,"amount":0.20,"tid":0.203830745,"timestamp":1415728463,
"type":"bid","price":368.20,"amount":0.20,"tid":0.757932408,"timestamp":1415728510,
"type":"bid","price":366.15,"amount":0.20,"tid":0.542867565,"timestamp":1415728537,
"type":"ask","price":366.60,"amount":0.10,"tid":0.032598047,"timestamp":1415728528,
"type":"ask","price":364.98,"amount":0.10,"tid":0.234369218,"timestamp":1415728524,
"type":"ask","price":361.47,"amount":0.10,"tid":0.528146082,"timestamp":1415728402,
"type":"bid","price":368.61,"amount":0.10,"tid":0.363783469,"timestamp":1415728588,
"type":"ask","price":363.30,"amount":0.20,"tid":0.599914535,"timestamp":1415728559,
"type":"bid","price":367.86,"amount":0.10,"tid":0.198184775,"timestamp":1415728596,
"type":"ask","price":363.31,"amount":0.20,"tid":0.001324468,"timestamp":1415728411,
"type":"bid","price":370.97,"amount":0.20,"tid":0.006706753,"timestamp":1415728500,
"type":"ask","price":361.10,"amount":0.20,"tid":0.263744449,"timestamp":1415728539,
"type":"ask","price":367.04,"amount":0.10,"tid":0.499918347,"timestamp":1415728414,
"type":"ask","price":366.10,"amount":0.10,"tid":0.803524266,"timestamp":1415728423,
"type":"ask","price":361.71,"amount":0.20,"tid":0.479545328,"timestamp":1415728400,
"type":"ask","price":369.58,"amount":0.10,"tid":0.418298756,"timestamp":1415728592,
"type":"ask","price":361.63,"amount":0.10,"tid":0.521596878,"timestamp":1415728594,
"type":"bid","price":360.90,"amount":0.20,"tid":0.20013254,"timestamp":1415728585,
"type":"ask","price":367.90,"amount":0.10,"tid":0.709769283,"timestamp":1415728436,
"type":"bid","price":368.21,"amount":0.20,"tid":0.876250352,"timestamp":1415728467,
"type":"ask","price":364.43,"amount":0.20,"tid":0.701642019,"timestamp":1415728428,
"type":"ask","price":370.86,"amount":0.20,"tid":0.573937634,"timestamp":1415728429,
"type":"ask","price":369.95,"amount":0.10,"tid":0.283810356,"timestamp":1415728528,
"type":"ask","price":360.81,"amount":0.20,"tid":0.729599688,"timestamp":1415728520,
"type":"bid","price":364.48,"amount":0.20,"tid":0.003974004,"timestamp":1415728434,
"type":"bid","price":370.71,"amount":0.10,"tid":0.823034157,"timestamp":1415728531,
"type":"ask","price":360.95,"amount":0.20,"tid":0.671634085,"timestamp":1415728411,
"type":"bid","price":363.08,"amount":0.10,"tid":0.438704849,"timestamp":1415728558,
"type":"ask","price":367.55,"amount":0.20,"tid":0.423847271,"timestamp":1415728539,
"type":"bid","price":367.93,"amount":0.10,"tid":0.144818748,"timestamp":1415728524,
"type":"ask","price":368.09,"amount":0.20,"tid":0.120770925,"timestamp":1415728457,
"type":"bid","price":370.63,"amount":0.10,"tid":0.466969206,"timestamp":1415728474,
"type":"bid","price":361.63,"amount":0.20,"tid":0.589245236,"timestamp":1415728471,
"type":"ask","price":369.65,"amount":0.10,"tid":0.138743927,"timestamp":1415728406,
"type":"bid","price":364.52,"amount":0.20,"tid":0.431443689,"timestamp":1415728501,
"type":"bid","price":370.86,"amount":0.10,"tid":0.332941002,"timestamp":1415728512,
"type":"ask","price":363.14,"amount":0.10,"tid":0.749862455,"timestamp":1415728561,
"type":"bid","price":363.51,"amount":0.10,"tid":0.413742123,"timestamp":1415728587,
"type":"bid","price":370.81,"amount":0.10,"tid":0.664940173,"timestamp":1415728587,
"type":"bid","price":365.27,"amount":0.10,"tid":0.603461495,"timestamp":1415728457,
"type":"ask","price":366.32,"amount":0.20,"tid":0.791238498,"timestamp":1415728470,
"type":"bid","price":367.32,"amount":0.10,"tid":0.260903213,"timestamp":1415728412,
"type":"ask","price":364.55,"amount":0.10,"tid":0.455357321,"timestamp":1415728493,
"type":"bid","price":369.80,"amount":0.10,"tid":0.672723827,"timestamp":1415728498,
"type":"bid","price":370.17,"amount":0.20,"tid":0.904325092,"timestamp":1415728428,
"type":"ask","price":367.44,"amount":0.10,"tid":0.024075401,"timestamp":1415728546,
"type":"ask","price":370.44,"amount":0.20,"tid":0.893148992,"timestamp":1415728493,
"type":"bid","price":370.59,"amount":0.20,"tid":0.993943868,"timestamp":1415728479,
"type":"ask","price":370.90,"amount":0.20,"tid":0.829711064,"timestamp":1415728480,
"type":"bid","price":368.00,"amount":0.10,"tid":0.730029669,"timestamp":1415728407,
"type":"bid","price":363.89,"amount":0.20,"tid":0.698259037,"timestamp":1415728549,
"type":"ask","price":365.50,"amount":0.20,"tid":0.236170908,"timestamp":1415728545,
"type":"bid","price":368.85,"amount":0.10,"tid":0.628970909,"timestamp":1415728550,
"type":"bid","price":363.43,"amount":0.10,"tid":0.062688455,"timestamp":1415728593,
"type":"ask","price":368.32,"amount":0.20,"tid":0.091770875,"timestamp":1415728461,
"type":"ask","price":362.77,"amount":0.20,"tid":0.335882308,"timestamp":1415728563,
"type":"ask","price":361.76,"amount":0.20,"tid":0.274146769,"timestamp":1415728539,
"type":"bid","price":362.04,"amount":0.10,"tid":0.650655692,"timestamp":1415728498,
"type":"bid","price":370.70,"amount":0.20,"tid":0.115972274,"timestamp":1415728515,
"type":"ask","price":361.79,"amount":0.20,"tid":0.961563665,"timestamp":1415728402,
"type":"ask","price":369.04,"amount":0.10,"tid":0.852948532,"timestamp":1415728566,
"type":"bid","price":360.77,"amount":0.20,"tid":0.555299239,"timestamp":1415728479,
"type":"bid","price":368.64,"amount":0.10,"tid":0.828828484,"timestamp":1415728525,
"type":"ask","price":368.08,"amount":0.10,"tid":0.514588877,"timestamp":1415728494,
"type":"ask","price":369.62,"amount":0.10,"tid":0.187223216,"timestamp":1415728504,
"type":"ask","price":366.51,"amount":0.20,"tid":0.00211508,"timestamp":1415728421,
"type":"bid","price":362.21,"amount":0.20,"tid":0.474938315,"timestamp":1415728449,
"type":"ask","price":369.32,"amount":0.20,"tid":0.227182275,"timestamp":1415728462,
"type":"ask","price":367.70,"amount":0.10,"tid":0.385643523,"timestamp":1415728456,
"type":"bid","price":363.54,"amount":0.10,"tid":0.064660744,"timestamp":1415728569,
"type":"ask","price":364.40,"amount":0.20,"tid":0.33699473,"timestamp":1415728545,
"type":"ask","price":370.83,"amount":0.20,"tid":0.905342066,"timestamp":1415728590,
"type":"ask","price":369.87,"amount":0.10,"tid":0.690415346,"timestamp":1415728435,
"type":"bid","price":362.56,"amount":0.20,"tid":0.685564325,"timestamp":1415728529,
"type":"ask","price":362.28,"amount":0.20,"tid":0.648228511,"timestamp":1415728509,
"type":"bid","price":368.96,"amount":0.10,"tid":0.244131571,"timestamp":1415728533,
"type":"ask","price":363.38,"amount":0.10,"tid":0.669884306,"timestamp":1415728439,
"type":"bid","price":370.34,"amount":0.20,"tid":0.847218858,"timestamp":1415728536,
"type":"bid","price":370.62,"amount":0.10,"tid":0.145093159,"timestamp":1415728587,
"type":"ask","price":367.23,"amount":0.20,"tid":0.925618561,"timestamp":1415728430,
"type":"ask","price":367.61,"amount":0.20,"tid":0.535163793,"timestamp":1415728576,
"type":"ask","price":362.91,"amount":0.10,"tid":0.800803377,"timestamp":1415728466,
"type":"bid","price":365.27,"amount":0.10,"tid":0.198888287,"timestamp":1415728410,
"type":"bid","price":370.20,"amount":0.10,"tid":0.006702028,"timestamp":1415728583,
"type":"ask","price":370.82,"amount":0.20,"tid":0.707650429,"timestamp":1415728415,
"type":"ask","price":362.33,"amount":0.20,"tid":0.076753557,"timestamp":1415728521,
"type":"ask","price":370.49,"amount":0.10,"tid":0.142626862,"timestamp":1415728559,
"type":"ask","price":360.38,"amount":0.10,"tid":0.38017868,"timestamp":1415728515,
"type":"bid","price":362.57,"amount":0.20,"tid":0.68795234,"timestamp":1415728540,
"type":"ask","price":366.85,"amount":0.10,"tid":0.006605274,"timestamp":1415728535,
"type":"bid","price":366.66,"amount":0.10,"tid":0.7217181,"timestamp":1415728499,
"type":"ask","price":366.38,"amount":0.10,"tid":0.532891135,"timestamp":1415728432,
"type":"bid","price":360.84,"amount":0.10,"tid":0.945931461,"timestamp":1415728449,
"type":"bid","price":368.49,"amount":0.20,"tid":0.083874466,"timestamp":1415728533,
"type":"ask","price":369.99,"amount":0.10,"tid":0.091202376,"timestamp":1415728463,
"type":"ask","price":362.50,"amount":0.10,"tid":0.94027276,"timestamp":1415728458,
"type":"bid","price":369.89,"amount":0.10,"tid":0.217218552,"timestamp":1415728448,
"type":"ask","price":369.25,"amount":0.10,"tid":0.114250158,"timestamp":1415728481,
"type":"bid","price":366.33,"amount":0.10,"tid":0.618325648,"timestamp":1415728414,
"type":"bid","price":360.40,"amount":0.10,"tid":0.501913503,"timestamp":1415728432,
"type":"ask","price":370.16,"amount":0.20,"tid":0.910635092,"timestamp":1415728489,
"type":"ask","price":362.09,"amount":0.10,"tid":0.068294747,"timestamp":1415728505,
"type":"bid","price":366.02,"amount":0.20,"tid":0.37047306,"timestamp":1415728495,
"type":"bid","price":365.41,"amount":0.10,"tid":0.257139309,"timestamp":1415728590,
"type":"ask","price":369.76,"amount":0.20,"tid":0.50025807,"timestamp":1415728503,
"type":"ask","price":368.54,"amount":0.10,"tid":0.209013718,"timestamp":1415728412,
"type":"bid","price":367.89,"amount":0.10,"tid":0.156489843,"timestamp":1415728562,
"type":"bid","price":369.49,"amount":0.20,"tid":0.649239987,"timestamp":1415728520,
"type":"ask","price":369.52,"amount":0.20,"tid":0.950834029,"timestamp":1415728498,
"type":"ask","price":364.99,"amount":0.20,"tid":0.463469146,"timestamp":1415728477,
"type":"bid","price":361.11,"amount":0.20,"tid":0.99583517,"timestamp":1415728572,
"type":"ask","price":361.32,"amount":0.10,"tid":0.509654597,"timestamp":1415728543,
"type":"bid","price":360.02,"amount":0.20,"tid":0.644539591,"timestamp":1415728518,
"type":"ask","price":363.05,"amount":0.10,"tid":0.614798247,"timestamp":1415728423,
"type":"ask","price":368.63,"amount":0.10,"tid":0.407436708,"timestamp":1415728552,
"type":"ask","price":370.62,"amount":0.20,"tid":0.981105489,"timestamp":1415728446,
"type":"ask","price":365.03,"amount":0.20,"tid":0.693800609,"timestamp":1415728406,
"type":"bid","price":366.86,"amount":0.20,"tid":0.870298789,"timestamp":1415728573,
"type":"ask","price":368.15,"amount":0.10,"tid":0.74230706,"timestamp":1415728453,
"type":"ask","price":368.20,"amount":0.10,"tid":0.004461754,"timestamp":1415728440,
"type":"bid","price":365.23,"amount":0.20,"tid":0.466576001,"timestamp":1415728502,
"type":"ask","price":360.28,"amount":0.10,"tid":0.174827066,"timestamp":1415728583,
"type":"ask","price":369.24,"amount":0.10,"tid":0.365570352,"timestamp":1415728473,
"type":"ask","price":363.86,"amount":0.20,"tid":0.600390842,"timestamp":1415728447,
"type":"ask","price":366.91,"amount":0.20,"tid":0.831687843,"timestamp":1415728519,
"type":"bid","price":367.25,"amount":0.20,"tid":0.629649908,"timestamp":1415728524,
"type":"bid","price":360.46,"amount":0.10,"tid":0.290997996,"timestamp":1415728419,
"type":"bid","price":365.79,"amount":0.10,"tid":0.987077773,"timestamp":1415728527,
"type":"ask","price":362.00,"amount":0.20,"tid":0.723378199,"timestamp":1415728587,
"type":"bid","price":363.07,"amount":0.20,"tid":0.377020719,"timestamp":1415728448,
"type":"ask","price":363.17,"amount":0.10,"tid":0.833463847,"timestamp":1415728422,
"type":"bid","price":361.59,"amount":0.20,"tid":0.893532445,"timestamp":1415728507,
"type":"ask","price":363.03,"amount":0.20,"tid":0.846810244,"timestamp":1415728544,
"type":"bid","price":360.21,"amount":0.10,"tid":0.073437585,"timestamp":1415728514,
"type":"bid","price":370.11,"amount":0.10,"tid":0.799878048,"timestamp":1415728482,
"type":"ask","price":368.38,"amount":0.20,"tid":0.451069949,"timestamp":1415728468,
"type":"ask","price":363.69,"amount":0.10,"tid":0.34762806,"timestamp":1415728518,
"type":"bid","price":370.20,"amount":0.20,"tid":0.593310428,"timestamp":1415728470,
"type":"ask","price":363.23,"amount":0.20,"tid":0.78792189,"timestamp":1415728560,
"type":"ask","price":364.43,"amount":0.20,"tid":0.44462379,"timestamp":1415728551,
"type":"ask","price":361.78,"amount":0.10,"tid":0.913008137,"timestamp":1415728488,
"type":"ask","price":367.83,"amount":0.10,"tid":0.040066988,"timestamp":1415728470,
"type":"ask","price":363.02,"amount":0.10,"tid":0.916324653,"timestamp":1415728597,
"type":"bid","price":366.40,"amount":0.20,"tid":0.335975463,"timestamp":1415728539,
"type":"ask","price":360.78,"amount":0.10,"tid":0.608763838,"timestamp":1415728439,
"type":"bid","price":367.74,"amount":0.20,"tid":0.319851504,"timestamp":1415728443,
"type":"bid","price":361.33,"amount":0.10,"tid":0.773486922,"timestamp":1415728442,
"type":"ask","price":370.95,"amount":0.10,"tid":0.560731962,"timestamp":1415728544,
"type":"bid","price":367.91,"amount":0.10,"tid":0.248044066,"timestamp":1415728476,
"type":"ask","price":361.70,"amount":0.20,"tid":0.861980966,"timestamp":1415728589,
"type":"ask","price":365.85,"amount":0.10,"tid":0.830516158,"timestamp":1415728438,
"type":"bid","price":366.47,"amount":0.20,"tid":0.29468106,"timestamp":1415728474,
"type":"ask","price":365.64,"amount":0.20,"tid":0.256890323,"timestamp":1415728470,
"type":"ask","price":363.66,"amount":0.20,"tid":0.225558294,"timestamp":1415728476,
"type":"bid","price":366.91,"amount":0.20,"tid":0.154822824,"timestamp":1415728422,
"type":"bid","price":365.03,"amount":0.20,"tid":0.049259631,"timestamp":1415728579,
"type":"ask","price":360.86,"amount":0.20,"tid":0.282838165,"timestamp":1415728525,
"type":"bid","price":366.81,"amount":0.20,"tid":0.231047579,"timestamp":1415728521,
"type":"ask","price":364.37,"amount":0.20,"tid":0.288498761,"timestamp":1415728488,
"type":"bid","price":365.76,"amount":0.10,"tid":0.954873739,"timestamp":1415728580,
"type":"bid","price":362.79,"amount":0.10,"tid":0.434455734,"timestamp":1415728442,
"type":"ask","price":369.77,"amount":0.20,"tid":0.604043742,"timestamp":1415728512,
"type":"bid","price":363.89,"amount":0.10,"tid":0.709875925,"timestamp":1415728564,
"type":"bid","price":362.38,"amount":0.10,"tid":0.88930632,"timestamp":1415728511,
"type":"ask","price":360.92,"amount":0.20,"tid":0.400396391,"timestamp":1415728499,
"type":"bid","price":363.97,"amount":0.20,"tid":0.141722168,"timestamp":1415728470,
"type":"ask","price":361.85,"amount":0.10,"tid":0.407455604,"timestamp":1415728495,
"type":"bid","price":367.46,"amount":0.10,"tid":0.435229055,"timestamp":1415728561,
"type":"bid","price":363.28,"amount":0.10,"tid":0.249184646,"timestamp":1415728454,
"type":"ask","price":363.48,"amount":0.20,"tid":0.895340575,"timestamp":1415728539,
"type":"ask","price":365.17,"amount":0.10,"tid":0.701016079,"timestamp":1415728546,
"type":"ask","price":366.40,"amount":0.10,"tid":0.043728882,"timestamp":1415728537,
"type":"ask","price":362.21,"amount":0.10,"tid":0.641973145,"timestamp":1415728508,
"type":"ask","price":369.52,"amount":0.10,"tid":0.017164429,"timestamp":1415728502,
"type":"ask","price":369.53,"amount":0.10,"tid":0.283346369,"timestamp":1415728563,
"type":"bid","price":364.50,"amount":0.20,"tid":0.696617955,"timestamp":1415728475,
"type":"ask","price":366.20,"amount":0.10,"tid":0.291427354,"timestamp":1415728431,
"type":"ask","price":360.22,"amount":0.10,"tid":0.17151656,"timestamp":1415728592,
"type":"bid","price":368.22,"amount":0.20,"tid":0.176081863,"timestamp":1415728465,
"type":"bid","price":360.21,"amount":0.10,"tid":0.689483973,"timestamp":1415728508,
"type":"ask","price":360.73,"amount":0.20,"tid":0.746063116,"timestamp":1415728506,
"type":"ask","price":361.63,"amount":0.20,"tid":0.11733993,"timestamp":1415728591,
"type":"bid","price":366.36,"amount":0.20,"tid":0.990765161,"timestamp":1415728564,
"type":"bid","price":364.69,"amount":0.20,"tid":0.013107489,"timestamp":1415728431,
"type":"bid","price":362.88,"amount":0.20,"tid":0.047888457,"timestamp":1415728509,
"type":"bid","price":368.13,"amount":0.10,"tid":0.873946659,"timestamp":1415728407,
"type":"ask","price":363.26,"amount":0.10,"tid":0.593434664,"timestamp":1415728410,
"type":"ask","price":366.10,"amount":0.10,"tid":0.115170008,"timestamp":1415728558,
"type":"ask","price":368.84,"amount":0.10,"tid":0.774557058,"timestamp":1415728418,
"type":"bid","price":363.03,"amount":0.20,"tid":0.983981311,"timestamp":1415728501,
"type":"ask","price":364.38,"amount":0.20,"tid":0.557778148,"timestamp":1415728548,
"type":"ask","price":369.95,"amount":0.20,"tid":0.591306481,"timestamp":1415728502,
"type":"ask","price":368.70,"amount":0.20,"tid":0.574973414,"timestamp":1415728500,
"type":"ask","price":362.08,"amount":0.10,"tid":0.48562905,"timestamp":1415728540,
"type":"bid","price":363.33,"amount":0.10,"tid":0.977104376,"timestamp":1415728596,
"type":"ask","price":365.07,"amount":0.10,"tid":0.549039266,"timestamp":1415728455,
"type":"bid","price":368.75,"amount":0.10,"tid":0.100557838,"timestamp":1415728420,
"type":"bid","price":361.56,"amount":0.10,"tid":0.386507987,"timestamp":1415728435,
"type":"bid","price":362.20,"amount":0.20,"tid":0.069525024,"timestamp":1415728516,
"type":"bid","price":369.75,"amount":0.20,"tid":0.691670649,"timestamp":1415728439,
"type":"ask","price":369.98,"amount":0.10,"tid":0.979086057,"timestamp":1415728474,
"type":"bid","price":360.47,"amount":0.10,"tid":0.588011925,"timestamp":1415728554,
"type":"bid","price":363.48,"amount":0.20,"tid":0.699520801,"timestamp":1415728579,
"type":"ask","price":366.86,"amount":0.20,"tid":0.857248532,"timestamp":1415728546,
"type":"bid","price":368.53,"amount":0.10,"tid":0.524849107,"timestamp":1415728562,
"type":"ask","price":367.40,"amount":0.20,"tid":0.873390119,"timestamp":1415728486,
"type":"ask","price":366.26,"amount":0.20,"tid":0.98822744,"timestamp":1415728532,
"type":"ask","price":369.23,"amount":0.20,"tid":0.297620275,"timestamp":1415728412,
"type":"bid","price":362.00,"amount":0.10,"tid":0.104937307,"timestamp":1415728446,
"type":"bid","price":370.76,"amount":0.10,"tid":0.145892237,"timestamp":1415728586,
"type":"ask","price":363.66,"amount":0.20,"tid":0.325040507,"timestamp":1415728565,
"type":"bid","price":363.02,"amount":0.20,"tid":0.43637338,"timestamp":1415728599,
"type":"bid","price":367.49,"amount":0.20,"tid":0.406570765,"timestamp":1415728496,
"type":"ask","price":366.30,"amount":0.10,"tid":0.907578587,"timestamp":1415728421,
"type":"ask","price":363.56,"amount":0.20,"tid":0.631229786,"timestamp":1415728513,
"type":"ask","price":362.41,"amount":0.10,"tid":0.455558016,"timestamp":1415728451,
"type":"ask","price":364.27,"amount":0.20,"tid":0.470135939,"timestamp":1415728586,
"type":"ask","price":364.11,"amount":0.10,"tid":0.854045697,"timestamp":1415728430,
"type":"ask","price":370.81,"amount":0.20,"tid":0.537840349,"timestamp":1415728536,
"type":"ask","price":363.85,"amount":0.10,"tid":0.089551812,"timestamp":1415728419,
"type":"bid","price":362.12,"amount":0.20,"tid":0.965043998,"timestamp":1415728481,
"type":"ask","price":362.95,"amount":0.10,"tid":0.898778068,"timestamp":1415728434,
"type":"ask","price":365.64,"amount":0.20,"tid":0.575207328,"timestamp":1415728443,
"type":"ask","price":367.93,"amount":0.10,"tid":0.181287259,"timestamp":1415728474,
"type":"ask","price":362.64,"amount":0.20,"tid":0.050574663,"timestamp":1415728571,
"type":"bid","price":364.54,"amount":0.20,"tid":0.633508026,"timestamp":1415728579,
"type":"bid","price":362.09,"amount":0.10,"tid":0.08129181,"timestamp":1415728443,
"type":"ask","price":363.06,"amount":0.10,"tid":0.113957573,"timestamp":1415728522,
"type":"ask","price":367.71,"amount":0.10,"tid":0.143266191,"timestamp":1415728433,
"type":"ask","price":364.24,"amount":0.10,"tid":0.448612669,"timestamp":1415728482,
"type":"bid","price":366.78,"amount":0.20,"tid":0.181262094,"timestamp":1415728599,
"type":"bid","price":365.90,"amount":0.20,"tid":0.514853121,"timestamp":1415728507,
"type":"ask","price":362.01,"amount":0.10,"tid":0.350617515,"timestamp":1415728448,
"type":"bid","price":361.77,"amount":0.20,"tid":0.421325591,"timestamp":1415728401,
"type":"bid","price":367.15,"amount":0.10,"tid":0.179577894,"timestamp":1415728598,
"type":"ask","price":366.96,"amount":0.10,"tid":0.926127047,"timestamp":1415728549,
"type":"ask","price":367.43,"amount":0.10,"tid":0.869166695,"timestamp":1415728402,
"type":"ask","price":370.24,"amount":0.20,"tid":0.279305558,"timestamp":1415728552,
"type":"bid","price":362.35,"amount":0.20,"tid":0.897514312,"timestamp":1415728596,
"type":"bid","price":370.78,"amount":0.10,"tid":0.286996739,"timestamp":1415728594,
"type":"bid","price":364.44,"amount":0.20,"tid":0.281685919,"timestamp":1415728547,
"type":"ask","price":370.05,"amount":0.20,"tid":0.675119373,"timestamp":1415728416,
"type":"bid","price":369.65,"amount":0.20,"tid":0.744374221,"timestamp":1415728551,
"type":"bid","price":360.68,"amount":0.20,"tid":0.124247526,"timestamp":1415728577,
"type":"bid","price":361.06,"amount":0.20,"tid":0.920864856,"timestamp":1415728544,
"type":"bid","price":369.40,"amount":0.10,"tid":0.671588448,"timestamp":1415728481,
"type":"bid","price":361.79,"amount":0.20,"tid":0.130132151,"timestamp":1415728558,
"type":"ask","price":363.46,"amount":0.20,"tid":0.475619801,"timestamp":1415728531,
"type":"ask","price":368.04,"amount":0.10,"tid":0.881238133,"timestamp":1415728559,
"type":"ask","price":365.91,"amount":0.10,"tid":0.788749104,"timestamp":1415728471,
"type":"bid","price":369.11,"amount":0.20,"tid":0.628284195,"timestamp":1415728578,
"type":"ask","price":363.78,"amount":0.10,"tid":0.992465806,"timestamp":1415728456,
"type":"bid","price":360.39,"amount":0.10,"tid":0.566381038,"timestamp":1415728410,
"type":"bid","price":366.94,"amount":0.20,"tid":0.764706127,"timestamp":1415728520,
"type":"ask","price":369.67,"amount":0.10,"tid":0.638080836,"timestamp":1415728436,
"type":"bid","price":361.18,"amount":0.10,"tid":0.987923635,"timestamp":1415728499,
"type":"bid","price":370.53,"amount":0.10,"tid":0.300516093,"timestamp":1415728548,
"type":"ask","price":365.86,"amount":0.10,"tid":0.995319759,"timestamp":1415728572,
"type":"bid","price":362.36,"amount":0.20,"tid":0.160888755,"timestamp":1415728489,
"type":"bid","price":364.66,"amount":0.10,"tid":0.628617071,"timestamp":1415728563,
"type":"ask","price":362.30,"amount":0.10,"tid":0.350933868,"timestamp":1415728453,
"type":"ask","price":365.96,"amount":0.10,"tid":0.544212565,"timestamp":1415728505,
"type":"ask","price":368.61,"amount":0.20,"tid":0.522615571,"timestamp":1415728540,
"type":"bid","price":367.09,"amount":0.20,"tid":0.788414518,"timestamp":1415728475,
"type":"bid","price":368.97,"amount":0.10,"tid":0.226326242,"timestamp":1415728477,
"type":"bid","price":365.34,"amount":0.10,"tid":0.835104871,"timestamp":1415728597,
"type":"ask","price":364.81,"amount":0.20,"tid":0.049413471,"timestamp":1415728572,
"type":"bid","price":368.78,"amount":0.20,"tid":0.147084256,"timestamp":1415728418,
"type":"ask","price":369.49,"amount":0.10,"tid":0.101740619,"timestamp":1415728468,
"type":"bid","price":368.79,"amount":0.20,"tid":0.588775723,"timestamp":1415728462,
"type":"bid","price":365.73,"amount":0.20,"tid":0.947489788,"timestamp":1415728447,
"type":"bid","price":367.38,"amount":0.20,"tid":0.166790293,"timestamp":1415728490,
"type":"bid","price":362.72,"amount":0.10,"tid":0.798821919,"timestamp":1415728581,
"type":"bid","price":367.29,"amount":0.20,"tid":0.204643802,"timestamp":1415728590,
"type":"ask","price":361.76,"amount":0.10,"tid":0.171744643,"timestamp":1415728438,
"type":"bid","price":363.51,"amount":0.20,"tid":0.513903811,"timestamp":1415728470,
"type":"bid","price":361.94,"amount":0.20,"tid":0.324349411,"timestamp":1415728475,
"type":"ask","price":364.17,"amount":0.20,"tid":0.093734217,"timestamp":1415728517,
"type":"bid","price":366.96,"amount":0.20,"tid":0.769358181,"timestamp":1415728503,
"type":"ask","price":365.15,"amount":0.10,"tid":0.936279514,"timestamp":1415728472,
"type":"ask","price":368.51,"amount":0.10,"tid":0.656686868,"timestamp":1415728521,
"type":"bid","price":368.39,"amount":0.20,"tid":0.789041012,"timestamp":1415728521,
"type":"bid","price":368.07,"amount":0.10,"tid":0.156266729,"timestamp":1415728418,
"type":"ask","price":362.25,"amount":0.10,"tid":0.785685192,"timestamp":1415728435,
"type":"ask","price":369.90,"amount":0.10,"tid":0.073342996,"timestamp":1415728570,
"type":"ask","price":370.27,"amount":0.10,"tid":0.375852423,"timestamp":1415728445,
"type":"bid","price":369.78,"amount":0.10,"tid":0.393195385,"timestamp":1415728421,
"type":"ask","price":362.66,"amount":0.20,"tid":0.293614605,"timestamp":1415728534,
"type":"ask","price":368.82,"amount":0.20,"tid":0.10590372,"timestamp":1415728509,
"type":"ask","price":369.63,"amount":0.20,"tid":0.286433655,"timestamp":1415728465,
"type":"ask","price":370.71,"amount":0.20,"tid":0.703731498,"timestamp":1415728516,
"type":"bid","price":365.32,"amount":0.20,"tid":0.428451461,"timestamp":1415728590,
"type":"bid","price":369.41,"amount":0.20,"tid":0.451042667,"timestamp":1415728570,
"type":"bid","price":366.59,"amount":0.10,"tid":0.06938772,"timestamp":1415728555,
"type":"ask","price":366.07,"amount":0.10,"tid":0.72403598,"timestamp":1415728486,
"type":"ask","price":369.19,"amount":0.20,"tid":0.869961297,"timestamp":1415728424,
"type":"ask","price":363.27,"amount":0.20,"tid":0.843110018,"timestamp":1415728600,
"type":"bid","price":365.71,"amount":0.10,"tid":0.905250239,"timestamp":1415728443,
"type":"bid","price":364.74,"amount":0.10,"tid":0.324416494,"timestamp":1415728528,
"type":"ask","price":362.26,"amount":0.20,"tid":0.919617708,"timestamp":1415728423,
"type":"ask","price":370.04,"amount":0.20,"tid":0.485786997,"timestamp":1415728466,
"type":"bid","price":362.13,"amount":0.10,"tid":0.415900418,"timestamp":1415728539,
"type":"bid","price":364.08,"amount":0.20,"tid":0.162752746,"timestamp":1415728450,
"type":"bid","price":370.69,"amount":0.20,"tid":0.534628738,"timestamp":1415728484,
"type":"bid","price":365.57,"amount":0.20,"tid":0.177458647,"timestamp":1415728550,
"type":"ask","price":361.00,"amount":0.10,"tid":0.58885543,"timestamp":1415728554,
"type":"bid","price":363.90,"amount":0.10,"tid":0.494507154,"timestamp":1415728509,
"type":"ask","price":364.37,"amount":0.10,"tid":0.012804822,"timestamp":1415728579,
"type":"ask","price":367.30,"amount":0.20,"tid":0.15892156,"timestamp":1415728414,
"type":"ask","price":363.33,"amount":0.10,"tid":0.461499217,"timestamp":1415728542,
"type":"ask","price":368.66,"amount":0.10,"tid":0.744942346,"timestamp":1415728420,
"type":"ask","price":365.77,"amount":0.20,"tid":0.7828139,"timestamp":1415728439,
"type":"bid","price":366.39,"amount":0.10,"tid":0.380680809,"timestamp":1415728412,
"type":"ask","price":362.10,"amount":0.20,"tid":0.103423044,"timestamp":1415728442,
"type":"bid","price":369.79,"amount":0.20,"tid":0.284559516,"timestamp":1415728425,
"type":"bid","price":363.01,"amount":0.20,"tid":0.619687035,"timestamp":1415728449,
"type":"ask","price":365.37,"amount":0.20,"tid":0.011335776,"timestamp":1415728471,
"type":"ask","price":360.35,"amount":0.10,"tid":0.007279029,"timestamp":1415728458,
"type":"ask","price":369.08,"amount":0.20,"tid":0.747452927,"timestamp":1415728512,
"type":"bid","price":367.64,"amount":0.20,"tid":0.799375931,"timestamp":1415728457,
"type":"ask","price":362.06,"amount":0.10,"tid":0.219053978,"timestamp":1415728494,
"type":"ask","price":361.57,"amount":0.20,"tid":0.839270497,"timestamp":1415728517,
"type":"bid","price":368.80,"amount":0.20,"tid":0.39042097,"timestamp":1415728511,
"type":"ask","price":363.17,"amount":0.20,"tid":0.489106403,"timestamp":1415728526,
"type":"ask","price":364.35,"amount":0.20,"tid":0.359520406,"timestamp":1415728492,
"type":"ask","price":362.00,"amount":0.20,"tid":0.688404223,"timestamp":1415728597,
"type":"bid","price":361.18,"amount":0.20,"tid":0.925424466,"timestamp":1415728541,
"type":"bid","price":370.26,"amount":0.20,"tid":0.636923775,"timestamp":1415728481,
"type":"bid","price":368.35,"amount":0.10,"tid":0.410167134,"timestamp":1415728493,
"type":"ask","price":364.16,"amount":0.20,"tid":0.882876289,"timestamp":1415728400,
"type":"bid","price":364.82,"amount":0.20,"tid":0.811557969,"timestamp":1415728457,
"type":"ask","price":365.30,"amount":0.10,"tid":0.301827511,"timestamp":1415728482,
"type":"ask","price":361.35,"amount":0.10,"tid":0.154093524,"timestamp":1415728429,
"type":"ask","price":369.85,"amount":0.10,"tid":0.841969245,"timestamp":1415728408,
"type":"ask","price":368.98,"amount":0.20,"tid":0.820924842,"timestamp":1415728516,
"type":"ask","price":369.92,"amount":0.20,"tid":0.46773121,"timestamp":1415728483,
"type":"bid","price":362.41,"amount":0.20,"tid":0.803193215,"timestamp":1415728529,
"type":"ask","price":368.91,"amount":0.20,"tid":0.019738924,"timestamp":1415728479,
"type":"bid","price":360.61,"amount":0.10,"tid":0.134436337,"timestamp":1415728592,
"type":"ask","price":368.69,"amount":0.20,"tid":0.775357432,"timestamp":1415728574,
"type":"bid","price":369.68,"amount":0.10,"tid":0.78556247,"timestamp":1415728597,
"type":"bid","price":360.73,"amount":0.10,"tid":0.68872139,"timestamp":1415728520,
"type":"ask","price":368.03,"amount":0.10,"tid":0.724702148,"timestamp":1415728557,
"type":"bid","price":366.50,"amount":0.10,"tid":0.736242164,"timestamp":1415728507,
"type":"ask","price":360.70,"amount":0.10,"tid":0.88886042,"timestamp":1415728574,
"type":"ask","price":368.11,"amount":0.10,"tid":0.860177123,"timestamp":1415728495,
"type":"ask","price":363.02,"amount":0.20,"tid":0.712425744,"timestamp":1415728569,
"type":"ask","price":364.92,"amount":0.10,"tid":0.595212692,"timestamp":1415728510,
"type":"ask","price":361.30,"amount":0.10,"tid":0.481363175,"timestamp":1415728494,
"type":"bid","price":360.30,"amount":0.20,"tid":0.223133066,"timestamp":1415728418,
"type":"bid","price":362.96,"amount":0.20,"tid":0.387002225,"timestamp":1415728447,
"type":"bid","price":361.25,"amount":0.20,"tid":0.550318691,"timestamp":1415728573,
"type":"bid","price":368.38,"amount":0.10,"tid":0.909135999,"timestamp":1415728557,
"type":"bid","price":366.55,"amount":0.20,"tid":0.837257346,"timestamp":1415728422,
"type":"bid","price":361.07,"amount":0.20,"tid":0.116718608,"timestamp":1415728500,
"type":"ask","price":369.80,"amount":0.20,"tid":0.203503681,"timestamp":1415728451,
"type":"bid","price":369.39,"amount":0.20,"tid":0.153287339,"timestamp":1415728436,
"type":"ask","price":363.28,"amount":0.20,"tid":0.601572807,"timestamp":1415728482,
"type":"ask","price":370.25,"amount":0.10,"tid":0.236642084,"timestamp":1415728454,
"type":"bid","price":366.90,"amount":0.10,"tid":0.413029123,"timestamp":1415728429,
"type":"ask","price":360.59,"amount":0.20,"tid":0.094790317,"timestamp":1415728457,
"type":"ask","price":363.13,"amount":0.10,"tid":0.437952898,"timestamp":1415728512,
"type":"ask","price":370.93,"amount":0.10,"tid":0.735035398,"timestamp":1415728572,
"type":"bid","price":369.66,"amount":0.20,"tid":0.334671454,"timestamp":1415728403,
"type":"bid","price":368.25,"amount":0.20,"tid":0.183855365,"timestamp":1415728404,
"type":"bid","price":365.16,"amount":0.10,"tid":0.681369798,"timestamp":1415728534,
"type":"bid","price":365.56,"amount":0.10,"tid":0.625249782,"timestamp":1415728548,
"type":"bid","price":362.43,"amount":0.10,"tid":0.888016955,"timestamp":1415728427,
"type":"bid","price":369.22,"amount":0.20,"tid":0.025482943,"timestamp":1415728507,
"type":"bid","price":363.94,"amount":0.20,"tid":0.510946852,"timestamp":1415728408,
"type":"ask","price":368.19,"amount":0.20,"tid":0.458354071,"timestamp":1415728493,
"type":"ask","price":362.38,"amount":0.20,"tid":0.848198022,"timestamp":1415728424,
"type":"ask","price":370.06,"amount":0.10,"tid":0.993038795,"timestamp":1415728488,
"type":"bid","price":360.32,"amount":0.20,"tid":0.785438047,"timestamp":1415728477,
"type":"bid","price":369.19,"amount":0.10,"tid":0.146513479,"timestamp":1415728486,
"type":"ask","price":364.69,"amount":0.10,"tid":0.970462432,"timestamp":1415728576,
"type":"bid","price":365.39,"amount":0.10,"tid":0.317024213,"timestamp":1415728557,
"type":"ask","price":362.07,"amount":0.20,"tid":0.685738769,"timestamp":1415728541,
"type":"bid","price":370.00,"amount":0.20,"tid":0.699625449,"timestamp":1415728527,
"type":"bid","price":360.94,"amount":0.10,"tid":0.522447252,"timestamp":1415728512,
"type":"ask","price":366.63,"amount":0.10,"tid":0.093617881,"timestamp":1415728593,
"type":"ask","price":369.03,"amount":0.20,"tid":0.596174887,"timestamp":1415728486,
"type":"bid","price":369.55,"amount":0.20,"tid":0.750376029,"timestamp":1415728502,
"type":"ask","price":366.56,"amount":0.10,"tid":0.377047491,"timestamp":1415728483,
"type":"ask","price":363.81,"amount":0.20,"tid":0.521956443,"timestamp":1415728419,
"type":"ask","price":365.89,"amount":0.20,"tid":0.425129266,"timestamp":1415728588,
"type":"bid","price":362.50,"amount":0.10,"tid":0.469460269,"timestamp":1415728455,
"type":"ask","price":368.91,"amount":0.20,"tid":0.076111299,"timestamp":1415728528,
"type":"ask","price":368.89,"amount":0.10,"tid":0.458654579,"timestamp":1415728471,
"type":"bid","price":365.59,"amount":0.20,"tid":0.644873807,"timestamp":1415728598,
"type":"ask","price":364.57,"amount":0.10,"tid":0.03754588,"timestamp":1415728596,
"type":"bid","price":367.87,"amount":0.20,"tid":0.480510334,"timestamp":1415728558,
"type":"ask","price":361.73,"amount":0.20,"tid":0.59126573,"timestamp":1415728491,
"type":"bid","price":370.69,"amount":0.20,"tid":0.619109625,"timestamp":1415728569,
"type":"bid","price":365.14,"amount":0.20,"tid":0.449460629,"timestamp":1415728468,
"type":"ask","price":362.01,"amount":0.20,"tid":0.801842926,"timestamp":1415728440,
"type":"ask","price":361.00,"amount":0.20,"tid":0.169838397,"timestamp":1415728410,
"type":"ask","price":363.00,"amount":0.10,"tid":0.529009726,"timestamp":1415728437,
"type":"bid","price":360.89,"amount":0.20,"tid":0.511930635,"timestamp":1415728433,
"type":"ask","price":364.01,"amount":0.20,"tid":0.762562571,"timestamp":1415728402,
"type":"ask","price":362.98,"amount":0.10,"tid":0.089114886,"timestamp":1415728527,
"type":"ask","price":367.76,"amount":0.10,"tid":0.056239951,"timestamp":1415728464,
"type":"bid","price":368.40,"amount":0.10,"tid":0.71116881,"timestamp":1415728495,
"type":"ask","price":370.68,"amount":0.10,"tid":0.496229943,"timestamp":1415728484,
"type":"bid","price":366.87,"amount":0.20,"tid":0.471314301,"timestamp":1415728484,
"type":"ask","price":368.05,"amount":0.10,"tid":0.094644458,"timestamp":1415728492,
"type":"ask","price":365.70,"amount":0.10,"tid":0.853942722,"timestamp":1415728477,
"type":"bid","price":361.32,"amount":0.10,"tid":0.427020589,"timestamp":1415728571,
"type":"bid","price":365.85,"amount":0.10,"tid":0.458664028,"timestamp":1415728421,
"type":"bid","price":369.59,"amount":0.20,"tid":0.302507627,"timestamp":1415728582,
"type":"ask","price":367.09,"amount":0.20,"tid":0.695739603,"timestamp":1415728536,
"type":"ask","price":370.62,"amount":0.10,"tid":0.661908185,"timestamp":1415728475,
"type":"bid","price":368.44,"amount":0.10,"tid":0.806731096,"timestamp":1415728470,
"type":"ask","price":361.28,"amount":0.10,"tid":0.931684727,"timestamp":1415728424,
"type":"bid","price":365.56,"amount":0.20,"tid":0.678696736,"timestamp":1415728527,
"type":"ask","price":360.79,"amount":0.20,"tid":0.346300373,"timestamp":1415728498,
"type":"ask","price":363.29,"amount":0.20,"tid":0.787015391,"timestamp":1415728466,
"type":"bid","price":367.20,"amount":0.20,"tid":0.815323442,"timestamp":1415728429,
"type":"bid","price":361.13,"amount":0.20,"tid":0.086921305,"timestamp":1415728432,
"type":"bid","price":364.77,"amount":0.20,"tid":0.67850462,"timestamp":1415728438,
"type":"bid","price":362.84,"amount":0.10,"tid":0.080562062,"timestamp":1415728441,
"type":"ask","price":364.87,"amount":0.10,"tid":0.461191243,"timestamp":1415728416,
"type":"bid","price":364.75,"amount":0.20,"tid":0.936486733,"timestamp":1415728464,
"type":"bid","price":361.30,"amount":0.10,"tid":0.83421062,"timestamp":1415728404,
"type":"ask","price":369.32,"amount":0.10,"tid":0.716954125,"timestamp":1415728481,
"type":"bid","price":366.66,"amount":0.20,"tid":0.166746385,"timestamp":1415728469,
"type":"ask","price":364.38,"amount":0.20,"tid":0.417950842,"timestamp":1415728542,
"type":"ask","price":367.14,"amount":0.10,"tid":0.4266821,"timestamp":1415728558,
"type":"ask","price":370.97,"amount":0.10,"tid":0.725863448,"timestamp":1415728456,
"type":"ask","price":366.58,"amount":0.10,"tid":0.855343149,"timestamp":1415728520,
"type":"ask","price":370.67,"amount":0.20,"tid":0.833071962,"timestamp":1415728577,
"type":"bid","price":370.85,"amount":0.10,"tid":0.697852065,"timestamp":1415728401,
"type":"bid","price":370.94,"amount":0.10,"tid":0.239456334,"timestamp":1415728418,
"type":"bid","price":366.35,"amount":0.10,"tid":0.662380263,"timestamp":1415728550,
"type":"ask","price":370.70,"amount":0.10,"tid":0.608846603,"timestamp":1415728554,
"type":"ask","price":368.82,"amount":0.10,"tid":0.435073669,"timestamp":1415728582,
"type":"ask","price":362.14,"amount":0.10,"tid":0.679990072,"timestamp":1415728437,
"type":"ask","price":362.72,"amount":0.10,"tid":0.553365828,"timestamp":1415728505,
"type":"bid","price":364.36,"amount":0.20,"tid":0.680071876,"timestamp":1415728443,
"type":"bid","price":364.62,"amount":0.20,"tid":0.017217765,"timestamp":1415728544,
"type":"ask","price":362.07,"amount":0.10,"tid":0.838844248,"timestamp":1415728521,
"type":"ask","price":365.50,"amount":0.20,"tid":0.514969139,"timestamp":1415728402,
"type":"bid","price":365.44,"amount":0.20,"tid":0.351716005,"timestamp":1415728403,
"type":"ask","price":370.06,"amount":0.20,"tid":0.789129801,"timestamp":1415728483,
"type":"ask","price":366.30,"amount":0.20,"tid":0.515915911,"timestamp":1415728558,
"type":"ask","price":365.96,"amount":0.20,"tid":0.246047353,"timestamp":1415728433,
"type":"bid","price":370.87,"amount":0.10,"tid":0.201062826,"timestamp":1415728457,
"type":"bid","price":364.50,"amount":0.20,"tid":0.94599046,"timestamp":1415728563,
"type":"bid","price":360.12,"amount":0.20,"tid":0.992670839,"timestamp":1415728555,
"type":"ask","price":369.98,"amount":0.10,"tid":0.902077607,"timestamp":1415728433,
"type":"bid","price":360.93,"amount":0.20,"tid":0.251224365,"timestamp":1415728554,
"type":"bid","price":365.81,"amount":0.20,"tid":0.903151374,"timestamp":1415728550,
"type":"ask","price":370.91,"amount":0.20,"tid":0.735428775,"timestamp":1415728444,
"type":"bid","price":369.48,"amount":0.10,"tid":0.594551994,"timestamp":1415728532,
"type":"bid","price":369.62,"amount":0.10,"tid":0.013496893,"timestamp":1415728439,
"type":"bid","price":368.60,"amount":0.10,"tid":0.095150785,"timestamp":1415728547,
"type":"bid","price":368.75,"amount":0.20,"tid":0.487582324,"timestamp":1415728592,
"type":"bid","price":363.29,"amount":0.10,"tid":0.687313715,"timestamp":1415728559,
"type":"ask","price":368.78,"amount":0.10,"tid":0.326808811,"timestamp":1415728588,
"type":"bid","price":368.13,"amount":0.10,"tid":0.97518152,"timestamp":1415728553,
"type":"bid","price":362.77,"amount":0.10,"tid":0.315357181,"timestamp":1415728542,
"type":"ask","price":361.50,"amount":0.10,"tid":0.124248591,"timestamp":1415728447,
"type":"bid","price":366.82,"amount":0.10,"tid":0.390979586,"timestamp":1415728575,
"type":"ask","price":362.32,"amount":0.10,"tid":0.141442252,"timestamp":1415728556,
"type":"bid","price":368.63,"amount":0.10,"tid":0.468799867,"timestamp":1415728515,
"type":"bid","price":363.30,"amount":0.20,"tid":0.562493332,"timestamp":1415728562,
"type":"ask","price":370.37,"amount":0.10,"tid":0.71774134,"timestamp":1415728594,
"type":"bid","price":363.22,"amount":0.20,"tid":0.664077415,"timestamp":1415728484,
"type":"bid","price":370.13,"amount":0.10,"tid":0.481766881,"timestamp":1415728482,
"type":"ask","price":370.64,"amount":0.10,"tid":0.274282847,"timestamp":1415728487,
"type":"bid","price":360.14,"amount":0.10,"tid":0.896867927,"timestamp":1415728405,
"type":"ask","price":362.35,"amount":0.20,"tid":0.891258855,"timestamp":1415728484,
"type":"ask","price":364.80,"amount":0.20,"tid":0.002476415,"timestamp":1415728413,
"type":"bid","price":364.01,"amount":0.10,"tid":0.379484675,"timestamp":1415728457,
"type":"bid","price":370.64,"amount":0.10,"tid":0.397848635,"timestamp":1415728503,
"type":"bid","price":368.57,"amount":0.10,"tid":0.503476171,"timestamp":1415728475,
"type":"bid","price":360.91,"amount":0.20,"tid":0.105152263,"timestamp":1415728422,
"type":"ask","price":368.00,"amount":0.10,"tid":0.181912786,"timestamp":1415728525,
"type":"bid","price":370.28,"amount":0.20,"tid":0.573099864,"timestamp":1415728443,
"type":"bid","price":361.25,"amount":0.20,"tid":0.384565153,"timestamp":1415728439,
"type":"bid","price":367.68,"amount":0.10,"tid":0.2034918,"timestamp":1415728563,
"type":"ask","price":363.68,"amount":0.20,"tid":0.862024158,"timestamp":1415728442,
"type":"ask","price":364.82,"amount":0.20,"tid":0.997212678,"timestamp":1415728543,
"type":"bid","price":360.19,"amount":0.20,"tid":0.476097765,"timestamp":1415728498,
"type":"ask","price":361.49,"amount":0.10,"tid":0.90418427,"timestamp":1415728487,
"type":"ask","price":367.95,"amount":0.10,"tid":0.607324857,"timestamp":1415728471,
"type":"bid","price":369.03,"amount":0.20,"tid":0.480177847,"timestamp":1415728427,
"type":"bid","price":360.28,"amount":0.10,"tid":0.736535367,"timestamp":1415728421,
"type":"bid","price":370.41,"amount":0.10,"tid":0.420596419,"timestamp":1415728497,
"type":"bid","price":362.71,"amount":0.10,"tid":0.365263731,"timestamp":1415728454,
"type":"ask","price":364.82,"amount":0.20,"tid":0.558045754,"timestamp":1415728538,
"type":"ask","price":369.27,"amount":0.20,"tid":0.493636873,"timestamp":1415728479,
"type":"ask","price":364.78,"amount":0.20,"tid":0.697813457,"timestamp":1415728549,
"type":"ask","price":361.03,"amount":0.10,"tid":0.934096296,"timestamp":1415728422,
"type":"bid","price":369.44,"amount":0.10,"tid":0.28550974,"timestamp":1415728437,
"type":"ask","price":369.75,"amount":0.10,"tid":0.630814068,"timestamp":1415728489,
"type":"ask","price":364.69,"amount":0.10,"tid":0.709825157,"timestamp":1415728518,
"type":"ask","price":360.02,"amount":0.20,"tid":0.460727372,"timestamp":1415728463,
"type":"ask","price":367.03,"amount":0.10,"tid":0.419704313,"timestamp":1415728460,
"type":"ask","price":368.48,"amount":0.20,"tid":0.348349797,"timestamp":1415728439,
"type":"ask","price":361.16,"amount":0.20,"tid":0.83069724,"timestamp":1415728584,
"type":"bid","price":362.82,"amount":0.20,"tid":0.266045688,"timestamp":1415728403,
"type":"ask","price":364.43,"amount":0.10,"tid":0.169430597,"timestamp":1415728493,
"type":"bid","price":370.82,"amount":0.20,"tid":0.111385653,"timestamp":1415728416,
"type":"bid","price":367.55,"amount":0.10,"tid":0.112375207,"timestamp":1415728463,
"type":"ask","price":368.18,"amount":0.10,"tid":0.855392523,"timestamp":1415728581,
"type":"bid","price":366.72,"amount":0.20,"tid":0.149673006,"timestamp":1415728410,
"type":"ask","price":360.35,"amount":0.20,"tid":0.503161486,"timestamp":1415728540,
"type":"ask","price":368.80,"amount":0.20,"tid":0.04712892,"timestamp":1415728541,
"type":"ask","price":368.53,"amount":0.20,"tid":0.474991387,"timestamp":1415728427,
"type":"ask","price":366.45,"amount":0.10,"tid":0.210298017,"timestamp":1415728591,
"type":"ask","price":370.36,"amount":0.20,"tid":0.820095343,"timestamp":1415728440,
"type":"bid","price":366.93,"amount":0.20,"tid":0.542167624,"timestamp":1415728461,
"type":"bid","price":369.98,"amount":0.20,"tid":0.459566464,"timestamp":1415728512,
"type":"ask","price":360.85,"amount":0.20,"tid":0.794334609,"timestamp":1415728521,
"type":"ask","price":364.33,"amount":0.10,"tid":0.170372856,"timestamp":1415728469,
"type":"bid","price":361.45,"amount":0.10,"tid":0.331035563,"timestamp":1415728595,
"type":"bid","price":367.40,"amount":0.20,"tid":0.667178279,"timestamp":1415728483,
"type":"ask","price":364.93,"amount":0.10,"tid":0.249651885,"timestamp":1415728468,
"type":"ask","price":366.13,"amount":0.20,"tid":0.740352759,"timestamp":1415728458,
"type":"ask","price":370.28,"amount":0.20,"tid":0.834200317,"timestamp":1415728567,
"type":"ask","price":364.06,"amount":0.10,"tid":0.667450783,"timestamp":1415728559,
"type":"ask","price":364.21,"amount":0.20,"tid":0.363916687,"timestamp":1415728586,
"type":"ask","price":367.53,"amount":0.10,"tid":0.619963634,"timestamp":1415728557,
"type":"ask","price":364.57,"amount":0.20,"tid":0.923146572,"timestamp":1415728473,
"type":"bid","price":362.83,"amount":0.20,"tid":0.613967865,"timestamp":1415728472,
"type":"ask","price":368.61,"amount":0.10,"tid":0.896288709,"timestamp":1415728495,
"type":"ask","price":363.00,"amount":0.20,"tid":0.70058495,"timestamp":1415728444,
"type":"ask","price":362.88,"amount":0.20,"tid":0.618008296,"timestamp":1415728556,
"type":"bid","price":368.95,"amount":0.10,"tid":0.169087647,"timestamp":1415728541,
"type":"bid","price":360.42,"amount":0.10,"tid":0.886009822,"timestamp":1415728512,
"type":"ask","price":369.22,"amount":0.10,"tid":0.827330284,"timestamp":1415728502,
"type":"bid","price":360.76,"amount":0.20,"tid":0.107060808,"timestamp":1415728599,
"type":"ask","price":364.22,"amount":0.20,"tid":0.604352244,"timestamp":1415728445,
"type":"bid","price":367.21,"amount":0.20,"tid":0.235154295,"timestamp":1415728434,
"type":"bid","price":361.88,"amount":0.20,"tid":0.264974681,"timestamp":1415728564,
"type":"bid","price":367.13,"amount":0.20,"tid":0.001301739,"timestamp":1415728590,
"type":"ask","price":368.24,"amount":0.10,"tid":0.785582745,"timestamp":1415728411,
"type":"bid","price":365.79,"amount":0.10,"tid":0.924560441,"timestamp":1415728508,
"type":"ask","price":369.29,"amount":0.10,"tid":0.568053012,"timestamp":1415728453,
"type":"bid","price":360.85,"amount":0.20,"tid":0.564375451,"timestamp":1415728496,
"type":"bid","price":362.33,"amount":0.20,"tid":0.755212956,"timestamp":1415728408,
"type":"ask","price":360.59,"amount":0.10,"tid":0.929779555,"timestamp":1415728539,
"type":"ask","price":361.57,"amount":0.20,"tid":0.970203445,"timestamp":1415728434,
"type":"ask","price":362.96,"amount":0.20,"tid":0.038042643,"timestamp":1415728517,
"type":"ask","price":370.28,"amount":0.20,"tid":0.1683832,"timestamp":1415728448,
"type":"ask","price":367.79,"amount":0.10,"tid":0.005826905,"timestamp":1415728541,
"type":"ask","price":362.86,"amount":0.10,"tid":0.118138859,"timestamp":1415728456,
"type":"bid","price":367.14,"amount":0.20,"tid":0.320342631,"timestamp":1415728423,
"type":"ask","price":362.18,"amount":0.20,"tid":0.136267326,"timestamp":1415728485,
"type":"ask","price":367.01,"amount":0.20,"tid":0.085998254,"timestamp":1415728565,
"type":"bid","price":364.26,"amount":0.10,"tid":0.101002656,"timestamp":1415728444,
"type":"ask","price":369.73,"amount":0.20,"tid":0.277388209,"timestamp":1415728415,
"type":"ask","price":361.45,"amount":0.20,"tid":0.822529955,"timestamp":1415728466,
"type":"bid","price":363.16,"amount":0.10,"tid":0.926723584,"timestamp":1415728529,
"type":"ask","price":370.03,"amount":0.20,"tid":0.727572679,"timestamp":1415728554,
"type":"ask","price":363.88,"amount":0.10,"tid":0.785542736,"timestamp":1415728462,
"type":"ask","price":364.29,"amount":0.10,"tid":0.747601729,"timestamp":1415728446,
"type":"bid","price":364.22,"amount":0.20,"tid":0.472194017,"timestamp":1415728453,
"type":"bid","price":365.87,"amount":0.20,"tid":0.970632417,"timestamp":1415728481,
"type":"ask","price":362.33,"amount":0.10,"tid":0.8633954,"timestamp":1415728485,
"type":"ask","price":369.71,"amount":0.10,"tid":0.442485048,"timestamp":1415728536,
"type":"bid","price":369.56,"amount":0.20,"tid":0.757851784,"timestamp":1415728479,
"type":"bid","price":364.71,"amount":0.20,"tid":0.029637099,"timestamp":1415728597,
"type":"ask","price":370.34,"amount":0.20,"tid":0.210512275,"timestamp":1415728466,
"type":"ask","price":362.12,"amount":0.10,"tid":0.653806322,"timestamp":1415728456,
"type":"ask","price":362.87,"amount":0.20,"tid":0.926628757,"timestamp":1415728537,
"type":"ask","price":369.05,"amount":0.20,"tid":0.503669501,"timestamp":1415728466,
"type":"bid","price":366.10,"amount":0.10,"tid":0.286444454,"timestamp":1415728559,
"type":"bid","price":364.21,"amount":0.20,"tid":0.545953672,"timestamp":1415728584,
"type":"ask","price":365.88,"amount":0.20,"tid":0.316984963,"timestamp":1415728549,
"type":"bid","price":362.89,"amount":0.10,"tid":0.907400699,"timestamp":1415728589,
"type":"ask","price":360.45,"amount":0.20,"tid":0.862120376,"timestamp":1415728559,
"type":"bid","price":364.67,"amount":0.10,"tid":0.206419353,"timestamp":1415728542,
"type":"bid","price":364.31,"amount":0.10,"tid":0.240065992,"timestamp":1415728413,
"type":"ask","price":362.24,"amount":0.10,"tid":0.533049869,"timestamp":1415728554,
"type":"ask","price":365.48,"amount":0.20,"tid":0.017951959,"timestamp":1415728588,
"type":"bid","price":364.92,"amount":0.20,"tid":0.574197047,"timestamp":1415728415,
"type":"bid","price":363.79,"amount":0.20,"tid":0.992645058,"timestamp":1415728520,
"type":"bid","price":361.90,"amount":0.10,"tid":0.018134815,"timestamp":1415728415,
"type":"ask","price":367.98,"amount":0.20,"tid":0.136419472,"timestamp":1415728502,
"type":"bid","price":364.90,"amount":0.10,"tid":0.23311941,"timestamp":1415728533,
"type":"bid","price":366.90,"amount":0.10,"tid":0.860085583,"timestamp":1415728553,
"type":"bid","price":360.62,"amount":0.20,"tid":0.671328569,"timestamp":1415728565,
"type":"bid","price":361.42,"amount":0.20,"tid":0.860452143,"timestamp":1415728565,
"type":"ask","price":369.81,"amount":0.20,"tid":0.207286274,"timestamp":1415728534,
"type":"ask","price":369.78,"amount":0.10,"tid":0.155014571,"timestamp":1415728488,
"type":"bid","price":366.21,"amount":0.20,"tid":0.730815303,"timestamp":1415728444,
"type":"bid","price":370.84,"amount":0.10,"tid":0.94683936,"timestamp":1415728573,
"type":"bid","price":369.05,"amount":0.10,"tid":0.056921361,"timestamp":1415728425,
"type":"ask","price":370.67,"amount":0.20,"tid":0.40582842,"timestamp":1415728409,
"type":"ask","price":363.53,"amount":0.10,"tid":0.744580232,"timestamp":1415728590,
"type":"bid","price":367.78,"amount":0.20,"tid":0.202994825,"timestamp":1415728557,
"type":"ask","price":364.72,"amount":0.20,"tid":0.65397443,"timestamp":1415728425,
"type":"bid","price":364.27,"amount":0.10,"tid":0.832661779,"timestamp":1415728593,
"type":"ask","price":363.42,"amount":0.10,"tid":0.539752599,"timestamp":1415728537,
"type":"bid","price":360.03,"amount":0.20,"tid":0.439161521,"timestamp":1415728518,
"type":"ask","price":369.59,"amount":0.10,"tid":0.411284608,"timestamp":1415728492,
"type":"bid","price":363.73,"amount":0.10,"tid":0.951127378,"timestamp":1415728489,
"type":"ask","price":362.42,"amount":0.20,"tid":0.022059297,"timestamp":1415728477,
"type":"ask","price":360.17,"amount":0.20,"tid":0.473740087,"timestamp":1415728539,
"type":"ask","price":369.59,"amount":0.20,"tid":0.150998688,"timestamp":1415728568,
"type":"bid","price":361.55,"amount":0.20,"tid":0.029171151,"timestamp":1415728424,
"type":"ask","price":367.64,"amount":0.10,"tid":0.615017312,"timestamp":1415728514,
"type":"bid","price":364.21,"amount":0.20,"tid":0.987182449,"timestamp":1415728592,
"type":"ask","price":363.01,"amount":0.10,"tid":0.783983048,"timestamp":1415728489,
"type":"bid","price":370.62,"amount":0.10,"tid":0.744481978,"timestamp":1415728458,
"type":"bid","price":366.90,"amount":0.20,"tid":0.211286289,"timestamp":1415728473,
"type":"bid","price":368.57,"amount":0.20,"tid":0.015703668,"timestamp":1415728589,
"type":"ask","price":362.57,"amount":0.20,"tid":0.170677697,"timestamp":1415728543,
"type":"bid","price":361.13,"amount":0.10,"tid":0.71733913,"timestamp":1415728516,
"type":"bid","price":365.94,"amount":0.20,"tid":0.352783293,"timestamp":1415728434,
"type":"ask","price":360.20,"amount":0.10,"tid":0.370028091,"timestamp":1415728513,
"type":"ask","price":369.86,"amount":0.20,"tid":0.384291454,"timestamp":1415728509,
"type":"ask","price":364.76,"amount":0.20,"tid":0.969290082,"timestamp":1415728450,
"type":"bid","price":362.49,"amount":0.20,"tid":0.983916185,"timestamp":1415728582,
"type":"bid","price":367.54,"amount":0.20,"tid":0.342707882,"timestamp":1415728567,
"type":"ask","price":364.72,"amount":0.20,"tid":0.542876832,"timestamp":1415728459,
"type":"bid","price":370.98,"amount":0.10,"tid":0.857501195,"timestamp":1415728440,
"type":"ask","price":361.94,"amount":0.20,"tid":0.621356666,"timestamp":1415728448,
"type":"ask","price":362.75,"amount":0.20,"tid":0.347862995,"timestamp":1415728431,
"type":"bid","price":366.17,"amount":0.10,"tid":0.183723786,"timestamp":1415728524,
"type":"bid","price":360.68,"amount":0.20,"tid":0.563505705,"timestamp":1415728442,
"type":"ask","price":366.72,"amount":0.10,"tid":0.469536604,"timestamp":1415728464,
"type":"ask","price":368.99,"amount":0.20,"tid":0.58041168,"timestamp":1415728578,
"type":"ask","price":364.54,"amount":0.20,"tid":0.812724423,"timestamp":1415728434,
"type":"ask","price":361.93,"amount":0.10,"tid":0.744430698,"timestamp":1415728546,
"type":"bid","price":365.30,"amount":0.20,"tid":0.221315145,"timestamp":1415728458,
"type":"ask","price":366.90,"amount":0.20,"tid":0.738995928,"timestamp":1415728531,
"type":"ask","price":369.22,"amount":0.10,"tid":0.1183886,"timestamp":1415728525,
"type":"ask","price":368.72,"amount":0.20,"tid":0.103247234,"timestamp":1415728551,
"type":"ask","price":363.93,"amount":0.10,"tid":0.763360235,"timestamp":1415728431,
"type":"ask","price":366.70,"amount":0.10,"tid":0.633744208,"timestamp":1415728414,
"type":"bid","price":361.49,"amount":0.20,"tid":0.962403551,"timestamp":1415728456,
"type":"bid","price":367.07,"amount":0.20,"tid":0.037947729,"timestamp":1415728514,
"type":"ask","price":370.72,"amount":0.10,"tid":0.140100192,"timestamp":1415728433,
"type":"ask","price":364.84,"amount":0.20,"tid":0.786515082,"timestamp":1415728405,
"type":"bid","price":367.56,"amount":0.10,"tid":0.6600506,"timestamp":1415728539,
"type":"bid","price":369.49,"amount":0.10,"tid":0.729126391,"timestamp":1415728580,
"type":"ask","price":363.43,"amount":0.10,"tid":0.21281638,"timestamp":1415728566,
"type":"bid","price":367.17,"amount":0.10,"tid":0.131751587,"timestamp":1415728543,
"type":"ask","price":362.36,"amount":0.20,"tid":0.328081358,"timestamp":1415728402,
"type":"bid","price":367.98,"amount":0.20,"tid":0.001260374,"timestamp":1415728587,
"type":"ask","price":364.28,"amount":0.20,"tid":0.09913473,"timestamp":1415728436,
"type":"ask","price":362.36,"amount":0.10,"tid":0.074594447,"timestamp":1415728429,
"type":"bid","price":368.58,"amount":0.20,"tid":0.963603793,"timestamp":1415728410,
"type":"ask","price":361.95,"amount":0.10,"tid":0.523557503,"timestamp":1415728511,
"type":"bid","price":362.87,"amount":0.10,"tid":0.546212758,"timestamp":1415728559,
"type":"bid","price":360.14,"amount":0.10,"tid":0.080828145,"timestamp":1415728415,
"type":"bid","price":365.41,"amount":0.10,"tid":0.826045505,"timestamp":1415728580,
"type":"bid","price":360.92,"amount":0.20,"tid":0.51060363,"timestamp":1415728404,
"type":"ask","price":363.40,"amount":0.10,"tid":0.163767011,"timestamp":1415728426,
"type":"ask","price":360.47,"amount":0.20,"tid":0.698879022,"timestamp":1415728436,
"type":"bid","price":365.40,"amount":0.20,"tid":0.261385019,"timestamp":1415728432,
"type":"ask","price":366.64,"amount":0.10,"tid":0.42810967,"timestamp":1415728558,
"type":"bid","price":364.92,"amount":0.10,"tid":0.285939634,"timestamp":1415728517,
"type":"ask","price":366.02,"amount":0.20,"tid":0.397318933,"timestamp":1415728539,
"type":"bid","price":366.20,"amount":0.10,"tid":0.845043671,"timestamp":1415728465,
"type":"ask","price":368.30,"amount":0.10,"tid":0.548481251,"timestamp":1415728513,
"type":"bid","price":364.93,"amount":0.10,"tid":0.225020427,"timestamp":1415728600,
"type":"ask","price":370.74,"amount":0.20,"tid":0.341507069,"timestamp":1415728594,
"type":"bid","price":362.75,"amount":0.20,"tid":0.58982216,"timestamp":1415728564,
"type":"ask","price":361.69,"amount":0.10,"tid":0.240310137,"timestamp":1415728451,
"type":"ask","price":367.62,"amount":0.10,"tid":0.522527432,"timestamp":1415728484,
"type":"bid","price":361.94,"amount":0.20,"tid":0.102192288,"timestamp":1415728561,
"type":"bid","price":366.41,"amount":0.10,"tid":0.001724537,"timestamp":1415728599,
"type":"bid","price":364.54,"amount":0.20,"tid":0.197472984,"timestamp":1415728488,
"type":"bid","price":361.91,"amount":0.10,"tid":0.884570425,"timestamp":1415728419,
"type":"ask","price":368.89,"amount":0.20,"tid":0.781163978,"timestamp":1415728416,
"type":"ask","price":363.31,"amount":0.10,"tid":0.91256555,"timestamp":1415728475,
"type":"ask","price":362.53,"amount":0.20,"tid":0.707616763,"timestamp":1415728471,
"type":"bid","price":364.62,"amount":0.10,"tid":0.178056598,"timestamp":1415728434,
"type":"ask","price":365.56,"amount":0.20,"tid":0.554646519,"timestamp":1415728505,
"type":"bid","price":361.67,"amount":0.20,"tid":0.672516059,"timestamp":1415728585,
"type":"bid","price":369.06,"amount":0.20,"tid":0.383625347,"timestamp":1415728479,
"type":"ask","price":361.97,"amount":0.10,"tid":0.64152386,"timestamp":1415728574,
"type":"bid","price":361.95,"amount":0.10,"tid":0.343488725,"timestamp":1415728460,
"type":"bid","price":369.48,"amount":0.10,"tid":0.953267664,"timestamp":1415728455,
"type":"ask","price":370.29,"amount":0.10,"tid":0.057774634,"timestamp":1415728589,
"type":"bid","price":366.76,"amount":0.20,"tid":0.889201584,"timestamp":1415728414,
"type":"ask","price":370.52,"amount":0.10,"tid":0.570506502,"timestamp":1415728542,
"type":"bid","price":365.35,"amount":0.20,"tid":0.322703554,"timestamp":1415728437,
"type":"bid","price":365.93,"amount":0.10,"tid":0.449643184,"timestamp":1415728482,
"type":"bid","price":369.71,"amount":0.10,"tid":0.405299507,"timestamp":1415728548,
"type":"ask","price":366.64,"amount":0.20,"tid":0.38171545,"timestamp":1415728456,
"type":"bid","price":370.78,"amount":0.10,"tid":0.511810353,"timestamp":1415728573,
"type":"bid","price":360.18,"amount":0.20,"tid":0.408575569,"timestamp":1415728523,
"type":"ask","price":366.44,"amount":0.10,"tid":0.436639575,"timestamp":1415728525,
"type":"bid","price":366.29,"amount":0.20,"tid":0.707773888,"timestamp":1415728417,
"type":"bid","price":370.13,"amount":0.20,"tid":0.891047229,"timestamp":1415728545,
"type":"bid","price":366.45,"amount":0.10,"tid":0.537170655,"timestamp":1415728483,
"type":"ask","price":367.63,"amount":0.20,"tid":0.51921058,"timestamp":1415728556,
"type":"ask","price":366.41,"amount":0.20,"tid":0.50042243,"timestamp":1415728461,
"type":"bid","price":362.18,"amount":0.20,"tid":0.081107373,"timestamp":1415728416,
"type":"bid","price":369.33,"amount":0.10,"tid":0.918920241,"timestamp":1415728453,
"type":"ask","price":360.95,"amount":0.20,"tid":0.723777224,"timestamp":1415728591,
"type":"ask","price":360.70,"amount":0.10,"tid":0.520573114,"timestamp":1415728522,
"type":"bid","price":370.22,"amount":0.10,"tid":0.539759354,"timestamp":1415728543,
"type":"bid","price":364.68,"amount":0.20,"tid":0.304019002,"timestamp":1415728519,
"type":"bid","price":369.52,"amount":0.10,"tid":0.017501849,"timestamp":1415728428,
"type":"bid","price":363.80,"amount":0.10,"tid":0.024115373,"timestamp":1415728506,
"type":"ask","price":362.31,"amount":0.10,"tid":0.460309069,"timestamp":1415728555,
"type":"bid","price":366.35,"amount":0.20,"tid":0.424678922,"timestamp":1415728439,
"type":"ask","price":366.59,"amount":0.20,"tid":0.178170163,"timestamp":1415728423,
"type":"bid","price":360.07,"amount":0.10,"tid":0.369172731,"timestamp":1415728490,
"type":"bid","price":364.04,"amount":0.10,"tid":0.222359482,"timestamp":1415728596,
"type":"ask","price":360.84,"amount":0.20,"tid":0.626504508,"timestamp":1415728406,
"type":"ask","price":366.17,"amount":0.20,"tid":0.331967955,"timestamp":1415728446,
"type":"bid","price":360.49,"amount":0.10,"tid":0.521452245,"timestamp":1415728406,
"type":"ask","price":360.70,"amount":0.10,"tid":0.825680466,"timestamp":1415728548,
"type":"bid","price":361.05,"amount":0.10,"tid":0.545258126,"timestamp":1415728536,
"type":"bid","price":362.13,"amount":0.10,"tid":0.308659928,"timestamp":1415728575,
"type":"ask","price":370.06,"amount":0.10,"tid":0.779273389,"timestamp":1415728546,
"type":"bid","price":361.00,"amount":0.10,"tid":0.503737943,"timestamp":1415728476,
"type":"ask","price":360.02,"amount":0.10,"tid":0.437735795,"timestamp":1415728402,
"type":"bid","price":365.75,"amount":0.20,"tid":0.490002503,"timestamp":1415728470,
"type":"bid","price":365.63,"amount":0.10,"tid":0.369726083,"timestamp":1415728422,
"type":"ask","price":366.62,"amount":0.20,"tid":0.052402904,"timestamp":1415728498,
"type":"bid","price":366.71,"amount":0.20,"tid":0.315431125,"timestamp":1415728531,
"type":"bid","price":365.65,"amount":0.10,"tid":0.562216305,"timestamp":1415728541,
"type":"bid","price":363.74,"amount":0.20,"tid":0.035235925,"timestamp":1415728519,
"type":"ask","price":362.97,"amount":0.10,"tid":0.385888435,"timestamp":1415728526,
"type":"ask","price":362.18,"amount":0.10,"tid":0.180921768,"timestamp":1415728446,
"type":"ask","price":361.20,"amount":0.10,"tid":0.983309225,"timestamp":1415728581,
"type":"ask","price":367.97,"amount":0.10,"tid":0.274077759,"timestamp":1415728450,
"type":"bid","price":360.56,"amount":0.10,"tid":0.355793497,"timestamp":1415728567,
"type":"ask","price":364.36,"amount":0.10,"tid":0.856254247,"timestamp":1415728569,
"type":"ask","price":368.00,"amount":0.10,"tid":0.440197095,"timestamp":1415728557,
"type":"ask","price":363.21,"amount":0.10,"tid":0.457618611,"timestamp":1415728532,
"type":"ask","price":363.29,"amount":0.10,"tid":0.828025904,"timestamp":1415728411,
"type":"bid","price":360.29,"amount":0.10,"tid":0.704665227,"timestamp":1415728563,
"type":"bid","price":365.95,"amount":0.10,"tid":0.601252304,"timestamp":1415728459,
"type":"ask","price":370.73,"amount":0.10,"tid":0.246541917,"timestamp":1415728507,
"type":"bid","price":362.28,"amount":0.10,"tid":0.216211796,"timestamp":1415728513,
"type":"bid","price":367.07,"amount":0.10,"tid":0.291317786,"timestamp":1415728523,
"type":"bid","price":367.93,"amount":0.10,"tid":0.516325495,"timestamp":1415728452,
"type":"ask","price":366.83,"amount":0.10,"tid":0.426631322,"timestamp":1415728466,
"type":"bid","price":370.28,"amount":0.20,"tid":0.006518723,"timestamp":1415728463,
"type":"ask","price":368.79,"amount":0.20,"tid":0.998887396,"timestamp":1415728495,
"type":"bid","price":360.90,"amount":0.10,"tid":0.639872281,"timestamp":1415728539,
"type":"ask","price":364.52,"amount":0.20,"tid":0.830611201,"timestamp":1415728573,
"type":"bid","price":371.00,"amount":0.10,"tid":0.655517108,"timestamp":1415728530,
"type":"ask","price":368.93,"amount":0.20,"tid":0.452241441,"timestamp":1415728456,
"type":"ask","price":363.46,"amount":0.20,"tid":0.228170394,"timestamp":1415728453,
"type":"bid","price":367.79,"amount":0.10,"tid":0.552779504,"timestamp":1415728540,
"type":"ask","price":369.06,"amount":0.10,"tid":0.449009581,"timestamp":1415728587,
"type":"ask","price":365.71,"amount":0.20,"tid":0.029616162,"timestamp":1415728592,
"type":"ask","price":364.62,"amount":0.20,"tid":0.273078894,"timestamp":1415728541,
"type":"bid","price":362.84,"amount":0.10,"tid":0.54565252,"timestamp":1415728581,
"type":"bid","price":366.20,"amount":0.20,"tid":0.517157768,"timestamp":1415728464,
"type":"ask","price":370.00,"amount":0.20,"tid":0.696728657,"timestamp":1415728558,
"type":"bid","price":366.76,"amount":0.20,"tid":0.235738749,"timestamp":1415728425,
"type":"bid","price":368.21,"amount":0.10,"tid":0.857712356,"timestamp":1415728467,
"type":"bid","price":368.26,"amount":0.20,"tid":0.779462803,"timestamp":1415728464,
"type":"bid","price":370.19,"amount":0.20,"tid":0.785323276,"timestamp":1415728402,
"type":"bid","price":370.75,"amount":0.20,"tid":0.28940317,"timestamp":1415728486,
"type":"bid","price":360.14,"amount":0.10,"tid":0.197929567,"timestamp":1415728527,
"type":"bid","price":365.09,"amount":0.20,"tid":0.407006247,"timestamp":1415728530,
"type":"bid","price":360.13,"amount":0.20,"tid":0.339725524,"timestamp":1415728508,
"type":"bid","price":368.97,"amount":0.20,"tid":0.672556037,"timestamp":1415728516,
"type":"ask","price":366.05,"amount":0.10,"tid":0.760769758,"timestamp":1415728417,
"type":"ask","price":365.81,"amount":0.10,"tid":0.159715255,"timestamp":1415728498,
"type":"bid","price":360.60,"amount":0.10,"tid":0.175755481,"timestamp":1415728456,
"type":"bid","price":363.83,"amount":0.10,"tid":0.267172229,"timestamp":1415728573,
"type":"bid","price":362.82,"amount":0.10,"tid":0.170107686,"timestamp":1415728471,
"type":"bid","price":366.36,"amount":0.10,"tid":0.968584961,"timestamp":1415728509,
"type":"ask","price":362.02,"amount":0.20,"tid":0.66080885,"timestamp":1415728553,
"type":"ask","price":368.91,"amount":0.20,"tid":0.323710588,"timestamp":1415728470,
"type":"bid","price":370.43,"amount":0.20,"tid":0.546887776,"timestamp":1415728546,
"type":"bid","price":370.00,"amount":0.10,"tid":0.938813246,"timestamp":1415728594,
"type":"ask","price":364.25,"amount":0.10,"tid":0.27866805,"timestamp":1415728577,
"type":"ask","price":360.45,"amount":0.20,"tid":0.752545919,"timestamp":1415728490,
"type":"ask","price":368.32,"amount":0.20,"tid":0.136559084,"timestamp":1415728585,
"type":"bid","price":366.15,"amount":0.10,"tid":0.892788876,"timestamp":1415728460,
"type":"ask","price":366.13,"amount":0.20,"tid":0.101405024,"timestamp":1415728481,
"type":"ask","price":369.77,"amount":0.10,"tid":0.745998863,"timestamp":1415728473,
"type":"bid","price":361.48,"amount":0.20,"tid":0.308163007,"timestamp":1415728493,
"type":"ask","price":365.44,"amount":0.10,"tid":0.121253393,"timestamp":1415728543,
"type":"ask","price":364.70,"amount":0.20,"tid":0.468843185,"timestamp":1415728420,
"type":"ask","price":368.79,"amount":0.20,"tid":0.35954241,"timestamp":1415728523,
"type":"bid","price":361.50,"amount":0.10,"tid":0.417650296,"timestamp":1415728433,
"type":"ask","price":367.78,"amount":0.10,"tid":0.883662697,"timestamp":1415728455,
"type":"ask","price":364.63,"amount":0.20,"tid":0.307915011,"timestamp":1415728402,
"type":"bid","price":367.68,"amount":0.20,"tid":0.634635937,"timestamp":1415728510,
"type":"ask","price":368.00,"amount":0.10,"tid":0.262071748,"timestamp":1415728532,
"type":"bid","price":366.37,"amount":0.10,"tid":0.353816284,"timestamp":1415728526,
"type":"bid","price":370.46,"amount":0.20,"tid":0.336586691,"timestamp":1415728542,
"type":"ask","price":364.97,"amount":0.20,"tid":0.556196822,"timestamp":1415728427,
"type":"bid","price":363.62,"amount":0.10,"tid":0.178599567,"timestamp":1415728442,
"type":"bid","price":365.64,"amount":0.10,"tid":0.482852872,"timestamp":1415728528,
"type":"ask","price":362.25,"amount":0.20,"tid":0.585063196,"timestamp":1415728553,
"type":"ask","price":363.15,"amount":0.20,"tid":0.636437831,"timestamp":1415728432,
"type":"ask","price":364.35,"amount":0.10,"tid":0.453331242,"timestamp":1415728483,
"type":"ask","price":368.34,"amount":0.10,"tid":0.649329753,"timestamp":1415728518,
"type":"bid","price":361.67,"amount":0.20,"tid":0.515576678,"timestamp":1415728550,
"type":"ask","price":368.63,"amount":0.10,"tid":0.24439346,"timestamp":1415728416,
"type":"ask","price":362.87,"amount":0.20,"tid":0.622077341,"timestamp":1415728476,
"type":"ask","price":363.91,"amount":0.20,"tid":0.693724674,"timestamp":1415728512,
"type":"bid","price":360.77,"amount":0.20,"tid":0.778275211,"timestamp":1415728459,
"type":"ask","price":362.89,"amount":0.20,"tid":0.831807721,"timestamp":1415728459,
"type":"bid","price":364.15,"amount":0.20,"tid":0.229505119,"timestamp":1415728424,
"type":"bid","price":366.45,"amount":0.20,"tid":0.677445726,"timestamp":1415728421,
"type":"ask","price":365.41,"amount":0.10,"tid":0.635701903,"timestamp":1415728515,
"type":"ask","price":363.20,"amount":0.20,"tid":0.052808858,"timestamp":1415728552,
"type":"bid","price":360.19,"amount":0.10,"tid":0.380497866,"timestamp":1415728429,
"type":"bid","price":370.11,"amount":0.10,"tid":0.33964898,"timestamp":1415728406,
"type":"ask","price":365.15,"amount":0.10,"tid":0.182322685,"timestamp":1415728590,
"type":"ask","price":369.26,"amount":0.20,"tid":0.34477156,"timestamp":1415728569,
"type":"bid","price":369.66,"amount":0.10,"tid":0.575592887,"timestamp":1415728543,
"type":"bid","price":366.58,"amount":0.10,"tid":0.690796662,"timestamp":1415728425,
"type":"bid","price":369.77,"amount":0.20,"tid":0.0256984,"timestamp":1415728576,
"type":"ask","price":361.52,"amount":0.10,"tid":0.737531959,"timestamp":1415728579,
"type":"ask","price":361.60,"amount":0.20,"tid":0.050693859,"timestamp":1415728555,
"type":"bid","price":364.59,"amount":0.20,"tid":0.405206195,"timestamp":1415728595,
"type":"ask","price":368.81,"amount":0.10,"tid":0.276225626,"timestamp":1415728476,
"type":"ask","price":369.33,"amount":0.10,"tid":0.606242781,"timestamp":1415728559,
"type":"ask","price":364.12,"amount":0.10,"tid":0.714542499,"timestamp":1415728448,
"type":"ask","price":369.80,"amount":0.10,"tid":0.603291669,"timestamp":1415728542,
"type":"bid","price":363.97,"amount":0.10,"tid":0.275098427,"timestamp":1415728518,
"type":"ask","price":360.35,"amount":0.20,"tid":0.902879529,"timestamp":1415728466,
"type":"ask","price":366.34,"amount":0.20,"tid":0.244190038,"timestamp":1415728407,
"type":"bid","price":366.23,"amount":0.10,"tid":0.707405916,"timestamp":1415728425,
"type":"ask","price":360.70,"amount":0.20,"tid":0.980366933,"timestamp":1415728511,
"type":"ask","price":361.67,"amount":0.10,"tid":0.868711802,"timestamp":1415728505,
"type":"bid","price":362.96,"amount":0.20,"tid":0.701361713,"timestamp":1415728564,
"type":"bid","price":368.71,"amount":0.10,"tid":0.9546134,"timestamp":1415728500,
"type":"bid","price":368.18,"amount":0.20,"tid":0.631090592,"timestamp":1415728437,
"type":"ask","price":369.34,"amount":0.20,"tid":0.003068244,"timestamp":1415728490,
"type":"ask","price":369.50,"amount":0.10,"tid":0.5046115,"timestamp":1415728460,
"type":"bid","price":370.39,"amount":0.10,"tid":0.538091495,"timestamp":1415728575,
"type":"bid","price":363.00,"amount":0.10,"tid":0.631673739,"timestamp":1415728539,
"type":"ask","price":362.99,"amount":0.10,"tid":0.305135858,"timestamp":1415728412,
"type":"bid","price":363.40,"amount":0.10,"tid":0.286133213,"timestamp":1415728551,
"type":"ask","price":362.22,"amount":0.20,"tid":0.760106968,"timestamp":1415728536,
"type":"bid","price":370.52,"amount":0.20,"tid":0.613139765,"timestamp":1415728525,
"type":"ask","price":363.08,"amount":0.10,"tid":0.55441311,"timestamp":1415728403,
"type":"bid","price":367.32,"amount":0.10,"tid":0.083267229,"timestamp":1415728508,
"type":"bid","price":369.79,"amount":0.10,"tid":0.070712171,"timestamp":1415728434,
"type":"ask","price":370.18,"amount":0.10,"tid":0.744517705,"timestamp":1415728492,
"type":"ask","price":370.19,"amount":0.10,"tid":0.247996935,"timestamp":1415728516,
"type":"ask","price":368.25,"amount":0.10,"tid":0.153627684,"timestamp":1415728533,
"type":"bid","price":367.53,"amount":0.10,"tid":0.839582858,"timestamp":1415728462,
"type":"bid","price":368.38,"amount":0.20,"tid":0.740204842,"timestamp":1415728527,
"type":"bid","price":370.70,"amount":0.20,"tid":0.902584421,"timestamp":1415728550,
"type":"ask","price":361.81,"amount":0.10,"tid":0.703160036,"timestamp":1415728546,
"type":"bid","price":369.14,"amount":0.10,"tid":0.127718578,"timestamp":1415728451,
"type":"bid","price":360.52,"amount":0.10,"tid":0.218992284,"timestamp":1415728572,
"type":"ask","price":362.57,"amount":0.10,"tid":0.705396774,"timestamp":1415728476,
"type":"bid","price":367.60,"amount":0.20,"tid":0.095209321,"timestamp":1415728407,
"type":"ask","price":370.62,"amount":0.20,"tid":0.775825798,"timestamp":1415728400,
"type":"ask","price":368.98,"amount":0.20,"tid":0.425246236,"timestamp":1415728598,
"type":"ask","price":361.31,"amount":0.20,"tid":0.39222907,"timestamp":1415728434,
"type":"bid","price":367.29,"amount":0.20,"tid":0.404663131,"timestamp":1415728598,
"type":"bid","price":367.06,"amount":0.20,"tid":0.774380641,"timestamp":1415728423,
"type":"ask","price":362.96,"amount":0.10,"tid":0.214412035,"timestamp":1415728552,
"type":"bid","price":363.10,"amount":0.20,"tid":0.281391806,"timestamp":1415728505,
"type":"bid","price":362.59,"amount":0.20,"tid":0.726624218,"timestamp":1415728400,
"type":"bid","price":366.92,"amount":0.10,"tid":0.230731107,"timestamp":1415728500,
"type":"bid","price":368.41,"amount":0.10,"tid":0.110406597,"timestamp":1415728422,
"type":"ask","price":367.72,"amount":0.20,"tid":0.95791862,"timestamp":1415728499,
"type":"ask","price":360.77,"amount":0.10,"tid":0.880208252,"timestamp":1415728598,
"type":"ask","price":367.34,"amount":0.20,"tid":0.801133012,"timestamp":1415728578,
"type":"ask","price":368.17,"amount":0.20,"tid":0.894647753,"timestamp":1415728562,
"type":"bid","price":367.50,"amount":0.20,"tid":0.533853882,"timestamp":1415728513,
"type":"ask","price":368.93,"amount":0.20,"tid":0.168111498,"timestamp":1415728589,
"type":"bid","price":366.60,"amount":0.20,"tid":0.99513729,"timestamp":1415728553,
"type":"bid","price":369.10,"amount":0.10,"tid":0.009870031,"timestamp":1415728459,
"type":"ask","price":368.58,"amount":0.20,"tid":0.097953116,"timestamp":1415728565,
"type":"ask","price":368.91,"amount":0.10,"tid":0.784042167,"timestamp":1415728418,
"type":"ask","price":370.49,"amount":0.20,"tid":0.008204748,"timestamp":1415728575,
"type":"ask","price":368.37,"amount":0.10,"tid":0.610096861,"timestamp":1415728433,
"type":"bid","price":370.62,"amount":0.10,"tid":0.618101091,"timestamp":1415728478,
"type":"ask","price":360.61,"amount":0.20,"tid":0.551328284,"timestamp":1415728461,
"type":"bid","price":363.47,"amount":0.20,"tid":0.381438107,"timestamp":1415728468,
"type":"bid","price":370.83,"amount":0.20,"tid":0.91542517,"timestamp":1415728574,
"type":"ask","price":363.17,"amount":0.10,"tid":0.075501865,"timestamp":1415728578,
"type":"ask","price":361.32,"amount":0.20,"tid":0.069716639,"timestamp":1415728444,
"type":"bid","price":365.38,"amount":0.20,"tid":0.773299025,"timestamp":1415728492,
"type":"ask","price":365.33,"amount":0.10,"tid":0.252160541,"timestamp":1415728521,
"type":"bid","price":362.08,"amount":0.10,"tid":0.899605804,"timestamp":1415728486,
"type":"ask","price":367.17,"amount":0.10,"tid":0.482110841,"timestamp":1415728487,
"type":"bid","price":360.28,"amount":0.10,"tid":0.909323439,"timestamp":1415728420,
"type":"ask","price":366.54,"amount":0.20,"tid":0.925284747,"timestamp":1415728577,
"type":"ask","price":363.85,"amount":0.20,"tid":0.496383628,"timestamp":1415728410,
"type":"ask","price":365.11,"amount":0.10,"tid":0.947694348,"timestamp":1415728566,
"type":"bid","price":362.50,"amount":0.10,"tid":0.202276278,"timestamp":1415728428,
"type":"ask","price":368.46,"amount":0.10,"tid":0.226038448,"timestamp":1415728543,
"type":"ask","price":367.29,"amount":0.20,"tid":0.714581227,"timestamp":1415728462,
"type":"bid","price":368.74,"amount":0.20,"tid":0.133358532,"timestamp":1415728534,
"type":"ask","price":368.29,"amount":0.10,"tid":0.241134822,"timestamp":1415728525,
"type":"ask","price":365.15,"amount":0.10,"tid":0.785164537,"timestamp":1415728444,
"type":"ask","price":367.00,"amount":0.20,"tid":0.527315961,"timestamp":1415728515,
"type":"ask","price":364.00,"amount":0.10,"tid":0.400980436,"timestamp":1415728465,
"type":"ask","price":363.82,"amount":0.20,"tid":0.343678721,"timestamp":1415728470,
"type":"bid","price":365.11,"amount":0.20,"tid":0.006097041,"timestamp":1415728538,
"type":"ask","price":369.35,"amount":0.20,"tid":0.716222727,"timestamp":1415728576,
"type":"ask","price":364.50,"amount":0.20,"tid":0.744587701,"timestamp":1415728409,
"type":"bid","price":369.49,"amount":0.20,"tid":0.660498101,"timestamp":1415728585,
"type":"bid","price":367.59,"amount":0.10,"tid":0.430758091,"timestamp":1415728493,
"type":"ask","price":362.64,"amount":0.20,"tid":0.677484381,"timestamp":1415728547,
"type":"bid","price":366.18,"amount":0.20,"tid":0.662672748,"timestamp":1415728441,
"type":"ask","price":361.04,"amount":0.10,"tid":0.626082574,"timestamp":1415728437,
"type":"ask","price":364.17,"amount":0.20,"tid":0.468844262,"timestamp":1415728411,
"type":"bid","price":360.95,"amount":0.20,"tid":0.185548845,"timestamp":1415728559,
"type":"ask","price":362.19,"amount":0.20,"tid":0.226146439,"timestamp":1415728560,
"type":"ask","price":369.63,"amount":0.10,"tid":0.599312066,"timestamp":1415728485,
"type":"bid","price":370.31,"amount":0.10,"tid":0.770065143,"timestamp":1415728430,
"type":"bid","price":362.75,"amount":0.10,"tid":0.036240828,"timestamp":1415728508,
"type":"ask","price":366.22,"amount":0.20,"tid":0.470359324,"timestamp":1415728531,
"type":"bid","price":361.33,"amount":0.20,"tid":0.430476816,"timestamp":1415728577,
"type":"bid","price":366.18,"amount":0.10,"tid":0.967010131,"timestamp":1415728580,
"type":"bid","price":362.17,"amount":0.10,"tid":0.658754452,"timestamp":1415728549,
"type":"ask","price":366.00,"amount":0.10,"tid":0.476602718,"timestamp":1415728549,
"type":"bid","price":360.01,"amount":0.10,"tid":0.919793164,"timestamp":1415728549,
"type":"ask","price":364.36,"amount":0.10,"tid":0.141690684,"timestamp":1415728545,
"type":"bid","price":362.05,"amount":0.20,"tid":0.380499632,"timestamp":1415728412,
"type":"ask","price":366.29,"amount":0.10,"tid":0.79779311,"timestamp":1415728487,
"type":"bid","price":360.98,"amount":0.20,"tid":0.948203337,"timestamp":1415728600,
"type":"ask","price":362.57,"amount":0.20,"tid":0.235742855,"timestamp":1415728589,
"type":"ask","price":363.17,"amount":0.20,"tid":0.283599405,"timestamp":1415728422,
"type":"bid","price":363.61,"amount":0.20,"tid":0.323697902,"timestamp":1415728421,
"type":"ask","price":368.24,"amount":0.20,"tid":0.146202233,"timestamp":1415728529,
"type":"bid","price":369.84,"amount":0.20,"tid":0.862743869,"timestamp":1415728562,
"type":"bid","price":364.85,"amount":0.20,"tid":0.945515448,"timestamp":1415728475,
"type":"bid","price":361.67,"amount":0.10,"tid":0.497184933,"timestamp":1415728478,
"type":"ask","price":363.48,"amount":0.10,"tid":0.101467009,"timestamp":1415728494,
"type":"ask","price":365.52,"amount":0.10,"tid":0.303332787,"timestamp":1415728563,
"type":"bid","price":366.25,"amount":0.10,"tid":0.063493112,"timestamp":1415728482,
"type":"bid","price":363.70,"amount":0.20,"tid":0.51049859,"timestamp":1415728469,
"type":"bid","price":365.91,"amount":0.10,"tid":0.450440019,"timestamp":1415728594,
"type":"bid","price":365.86,"amount":0.20,"tid":0.482394639,"timestamp":1415728419,
"type":"bid","price":365.90,"amount":0.20,"tid":0.463765964,"timestamp":1415728442,
"type":"ask","price":367.89,"amount":0.20,"tid":0.029611885,"timestamp":1415728467,
"type":"ask","price":367.98,"amount":0.10,"tid":0.729132981,"timestamp":1415728402,
"type":"ask","price":363.53,"amount":0.20,"tid":0.127495642,"timestamp":1415728413,
"type":"bid","price":365.09,"amount":0.10,"tid":0.315725639,"timestamp":1415728471,
"type":"ask","price":369.65,"amount":0.20,"tid":0.73215077,"timestamp":1415728402,
"type":"bid","price":367.58,"amount":0.10,"tid":0.346046168,"timestamp":1415728534,
"type":"ask","price":367.13,"amount":0.10,"tid":0.859336779,"timestamp":1415728509,
"type":"bid","price":361.23,"amount":0.20,"tid":0.533477183,"timestamp":1415728509,
"type":"ask","price":362.69,"amount":0.20,"tid":0.161223474,"timestamp":1415728480}]}